3008 5490
524 766 651 818 rmum
672 766 746 817 lun
769 765 983 817 nocunrurs.
1080 817 1086 829 ,
1209 748 1274 820 475

224 956 363 1021 dubium
401 954 600 1020 ventilatum
636 954 724 1020 inter
762 975 830 1031 nos,
865 959 898 1018 et
928 952 990 1017 hoe
1022 957 1072 1016 est
1101 951 1197 1016 valde
1234 951 1278 1015 sd

223 1058 450 1144 propositum
488 1055 613 1143 [nam]¹
644 1056 721 1121 licet
750 1056 823 1141 plus
856 1055 1036 1130 intendero,
1068 1060 1179 1118 tamen
1217 1052 1278 1117 hoo
1331 1063 1336 1075 ·

223 1159 438 1247 proeexigitur
471 1160 515 1224 sd
555 1159 744 1225 habendum
774 1157 951 1223 intentum.
1003 1156 1145 1221 Intende
1180 1155 1276 1230 enim,

224 1262 310 1328 siout
343 1261 522 1327 sententiat
560 1260 591 1326 S.
630 1257 793 1325 Thomas²
828 1264 862 1324 et
892 1259 948 1323 nlii
980 1258 1085 1324 saneti
1123 1257 1277 1333 doctores,

225 1365 313 1450 quod
339 1386 435 1429 omne
459 1363 548 1449 quod
574 1363 690 1429 existit
715 1362 770 1427 vel
800 1361 928 1439 existet,
956 1361 1129 1427 actualiter
1157 1359 1279 1424 existat

224 1466 263 1531 in
284 1472 430 1552 tempore
455 1474 522 1530 suo.
568 1464 642 1530 Hoc
666 1486 740 1530 oum
765 1486 833 1528 non
858 1469 967 1550 posset
993 1485 1068 1540 esse,
1093 1461 1158 1526 nisi
1184 1483 1279 1526 omne

225 1568 435 1654 intelligibile
472 1567 607 1633 haberet
645 1589 713 1632 esse
750 1565 959 1652 intelligibile
990 1565 1026 1628 in
1060 1586 1119 1630 sue
1152 1564 1279 1628 ratione

226 1670 413 1756 exemplari,
444 1669 533 1755 quod
572 1669 696 1735 Dootor
721 1673 818 1733 vocet
853 1688 921 1732 esse
952 1662 1176 1752 objectivum,³
1205 1664 1280 1729 ideo

226 1772 311 1838 illud
338 1772 426 1857 quod
456 1777 572 1858 reputo
604 1770 780 1836 Doctorem
811 1768 894 1833 mihi
925 1769 1002 1833 dare
1032 1773 1083 1833 est
1112 1765 1280 1852 pertinens

227 1874 324 1939 valde
351 1895 424 1938 meo
447 1873 622 1960 proposito.

273 1979 302 2042 3.
327 1975 431 2056 Quod,
456 1975 564 2054 tertio,
588 1975 791 2061 pertinenter
813 1974 859 2039 sio
881 1971 1015 2060 applico.
1062 1971 1168 2037 Omne
1193 1967 1280 2057 quod

228 2083 278 2144 est
301 2077 372 2143 Deo
391 2099 533 2163 prmsens
560 2082 610 2141 est
622 2100 630 2156 ;
653 2098 749 2141 omne
771 2077 859 2161 quod
880 2075 946 2140 fuit
972 2074 1025 2141 vel
1049 2074 1112 2139 erit
1135 2079 1184 2139 est
1208 2072 1280 2137 Deo

228 2203 391 2266 praesens;
423 2179 526 2265 igitur
556 2201 652 2245 omne
682 2179 769 2264 quod
799 2177 864 2242 fuit
894 2176 947 2242 vel
978 2178 1040 2242 erit
1071 2182 1127 2242 est.
1174 2174 1281 2260 Major

228 2287 330 2368 patet,
369 2288 408 2346 ut
445 2282 547 2357 oredo,
587 2303 644 2367 per
678 2280 862 2357 Doctorem,
901 2285 935 2345 et
973 2279 1183 2344 confirmetur
1220 2276 1281 2340 tri-

229 2384 365 2470 pliciter.

275 2486 323 2571 (o)
348 2484 458 2550 Primo
481 2482 548 2549 ex‘
570 2485 631 2550 hoo
655 2484 744 2571 quod
773 2483 801 2550 si
823 2483 948 2570 aliquid
971 2483 1015 2549 sit
1040 2483 1111 2548 Deo
1136 2502 1277 2568 praesens

229 2592 309 2653 tuno
339 2592 389 2652 est
420 2609 569 2673 praesens,
601 2609 674 2652 oum
712 2587 774 2653 isto
812 2587 971 2652 terminus
1008 2587 1101 2650 Dens
1139 2606 1205 2647 nou
1235 2583 1280 2646 sit

229 2689 434 2768 distrahens3
466 2696 500 2753 et
530 2689 558 2752 ei
582 2694 632 2753 est
662 2711 803 2774 praesens
832 2695 912 2753 tuno
943 2693 1000 2764 est,
1033 2688 1111 2772 quie
1136 2709 1157 2750 a
1180 2684 1280 2749 tertio

229 2791 398 2876 adjacente
434 2791 478 2855 nd
515 2791 691 2856 seeundum
729 2791 878 2875 udjaoens
916 2787 1011 2854 sine⁶
1040 2788 1180 2854 termino
1218 2785 1282 2850 dis-

229 2893 389 2958 trahente.
448 2891 606 2972 Quamvis
636 2892 724 2957 enim
751 2892 954 2978 praeteritum
981 2897 1015 2957 et
1041 2891 1189 2956 futurum
1213 2887 1281 2953 sint

232 2994 367 3059 termini
427 2994 645 3058 distrahentes
701 2992 877 3058 semmdum
932 2994 1066 3080 aliquos,
1119 3012 1282 3076 nusquam

233 3093 365 3182 [enim]⁶
389 3096 546 3159 fundatur
567 3096 628 3160 hoc
655 3095 766 3160 debite
789 3096 829 3160 de
854 3096 918 3161 isto
940 3097 1083 3161 termino
1101 3114 1257 3180 praesens.

274 3196 317 3282 (b)
335 3196 485 3262 Secundo
503 3198 715 3262 confirmatur
735 3198 821 3262 idem
842 3219 884 3262 ex
905 3198 1104 3284 etymologia
1130 3195 1280 3270 nominis,

231 3321 331 3386 quam
356 3300 413 3362 dut
440 3299 647 3384 Augustinus
674 3299 710 3363 in
733 3298 798 3363 istu
821 3300 933 3364 eedem
960 3299 1107 3376 materia,
1135 3297 1170 3360 in
1196 3295 1281 3360 libro

231 3423 289 3465 suo
321 3401 361 3465 de
391 3400 541 3465 Videndo
576 3397 667 3463 Deo.⁷
712 3400 799 3463 Nam
838 3400 1028 3466 declarando
1067 3399 1154 3485 quod
1192 3397 1282 3460 Deus

231 3503 332 3568 hebet
384 3524 514 3567 sensum
563 3501 831 3587 propriissimum,
878 3502 958 3566 dicit
1007 3501 1095 3585 quod
1141 3518 1282 3585 praesens

232 3605 353 3670 dieitur
382 3602 596 3690 etymologine
626 3603 720 3689 quasi
750 3607 870 3691 praesto
900 3603 1017 3679 sensui,
1038 3608 1071 3667 et
1096 3602 1155 3666 hoc
1182 3599 1282 3665 etiem

231 3707 339 3771 salvet
366 3705 592 3770 difficultatem
615 3727 713 3789 quern
743 3704 854 3793 tangit
885 3705 926 3769 de
950 3705 1075 3770 visione
1102 3702 1267 3767 intuitive.

242 3889 244 3892 Ι
279 3807 323 3895 (o)
345 3807 457 3872 Tertio
480 3808 691 3873 confirmatur
712 3829 770 3893 per
799 3806 905 3872 locum
928 3830 948 3871 a
970 3808 1042 3892 peri
1064 3805 1117 3871 vel
1144 3803 1283 3890 majori3

267 4137 355 4205 ¹m]
380 4142 446 4202 nn'fi,
464 4138 530 4198 MS„
549 4136 589 4189 ie.
610 4144 730 4188 nostrum
815 4132 879 4203 lex]
898 4144 931 4198 et,
943 4133 999 4188 Ms.

233 4218 289 4270 The
309 4220 402 4283 stopie
419 4219 507 4282 placed
526 4231 553 4268 ns
572 4217 599 4266 in
614 4217 657 4267 the
673 4224 733 4267 text
815 4216 905 4281 uine]
942 4219 1031 4276 setene,
1061 4211 1126 4273 MS„
1154 4210 1170 4262 i.
1178 4228 1198 4264 e.
1227 4224 1283 4262 sen·

233 4297 347 4362 Perhaps
375 4297 418 4347 the
440 4297 532 4347 seoond
553 4294 596 4345 loc
620 4303 662 4354 est,
681 4295 735 4356 just
780 4294 872 4345 tenne.

233 4375 352 4435 arboreis
369 4391 385 4426 n
401 4373 572 4426 transcriber's
588 4372 725 4438 repetition.
814 4372 909 4438 ἀίω]
923 4369 1175 4424 shouldbeomitted.

267 4455 400 4505 ’nomm
411 4454 536 4519 Aquinas,
548 4452 658 4512 Summa,
668 4466 686 4502 1.
694 4467 735 4517 qu.
814 4453 943 4518 'August
962 4451 1041 4515 Epist.
1065 4454 1119 4500 147.
1154 4449 1199 4500 Ao
1217 4448 1282 4500 Pen-

233 4540 332 4592 lteri.
347 4539 367 4584 1.
781 4528 867 4582 linum.
907 4530 1134 4592 Seeeborepw.

267 4611 440 4678 ’objectivemJ
456 4612 483 4662 A
498 4610 544 4662 full
561 4618 615 4676 stop
632 4612 692 4662 here
709 4608 736 4659 ln
