3008 5490
534 726 712 777 risulcum
735 725 959 776 zrzlruoauu.
1207 714 1265 774 121

228 916 321 981 habet
334 914 388 980 hic
403 913 612 979 existentiam
635 913 830 1000 corporalem
846 935 854 991 ;
876 912 963 997 quod
985 934 1059 976 oum
1082 910 1126 976 sit
1144 911 1270 985 falsum,

230 1018 409 1104 negandum
439 1022 489 1081 est
529 1013 625 1080 talia¹
657 1015 836 1080 accidentia
865 1015 1041 1079 secundum
1071 1011 1273 1078 conditiones

227 1119 417 1184 materialcs²
432 1117 641 1204 multiplicari
664 1114 930 1183 concomitante³
945 1116 987 1180 ad
1014 1136 1127 1202 corpus
1151 1112 1273 1180 Christi

227 1220 379 1287 inhostia
393 1226 585 1285 consecrata

264 1323 382 1388 Partes
411 1329 522 1387 autem
554 1321 787 1408 quantitativas
817 1319 957 1407 corporis
989 1318 1111 1385 Christi
1150 1318 1273 1383 habent
1285 1324 1340 1376 The
1347 1325 1441 1376 several

226 1446 288 1490 ome
325 1424 497 1511 spirituale
527 1425 562 1488 in
599 1422 730 1501 hostia,⁴
761 1424 861 1488 immo
896 1422 1020 1487 habent
1062 1444 1130 1486 esse
1170 1392 1395 1509 sacra—32⁸5}

226 1526 363 1592 mentale
400 1523 548 1601 ibidem?
585 1547 658 1591 cum
703 1522 783 1590 sint⁰
827 1523 1065 1610 quodammodo
1097 1521 1430 1608 ‘quaehbetqurexist

225 1651 295 1714 pars
345 1628 571 1714 quantitative
607 1625 714 1693 istius⁷
751 1627 888 1705 hostiae3
937 1631 971 1690 et
1019 1625 1123 1690 multo
1170 1591 1442 1715 magis{,¹,'¹f1¹,{,¹¹fl‡¹,y,3

226 1730 461 1816 multiplicatur
504 1729 615 1794 animo
660 1728 784 1794 Christi
820 1750 878 1814 per
907 1726 1055 1803 hostiam,
1098 1724 1273 1790 secundum
1285 1721 1443 1837 ffmhuim

224 1832 385 1916 quoddam
423 1853 491 1896 esse
527 1831 702 1916 spirituale,
734 1828 853 1915 quam⁸
883 1835 933 1894 ost
962 1829 1044 1893 illud
1081 1849 1148 1892 osse
1187 1826 1274 1910 quod
1304 1803 1364 1838 ¹⁸⁸⁰
1392 1824 1398 1837 '

225 1932 321 1998 habet
344 1955 459 2018 corpus
475 1930 612 1997 Christi⁰
627 1932 663 1996 iu
678 1932 767 1997 coelo.
813 1930 859 1996 Et
881 1929 1003 1996 causa¹⁰
1025 1927 1147 2015 hujus¹¹
1164 1927 1275 1992 multi-

224 2034 406 2118 plicationis
432 2034 547 2099 anima
570 2033 693 2099 Christi
716 2038 766 2098 est
789 2033 878 2117 quod
900 2033 971 2118 ipsa
995 2038 1044 2097 ast
1066 2030 1276 2118 principalius

224 2135 291 2221 ipso
312 2158 444 2221 corpore
458 2156 594 2221 persona
609 2135 717 2199 Verbi.
761 2133 944 2214 Qualitatcs
967 2133 1105 2199 autom¹2
1127 2134 1277 2197 immate-

224 2236 427 2322 riales¹³quae
439 2237 663 2321 subjectautur
677 2237 713 2301 iu
727 2237 838 2301 anima
853 2236 977 2301 Christi
991 2233 1277 2322 multiplicanttu¹⁴

225 2360 295 2404 cum
334 2338 407 2425 ipsa
443 2361 501 2424 per
537 2337 686 2414 hostiam,
718 2343 758 2402 ut
794 2338 939 2415 scientia,
967 2339 1108 2424 justitia,
1141 2344 1174 2402 et
1204 2336 1276 2402 alim

224 2441 364 2506 virtutes
384 2440 502 2506 animm
519 2440 651 2517 Christi,
669 2438 770 2526 quae¹⁵
784 2463 851 2504 non
868 2439 1074 2526 requirunt,¹⁶
1091 2439 1276 2524 ubicunque

225 2541 356 2617 fuerint,
380 2542 503 2608 Christi
525 2543 805 2628 praeexistentiam
830 2540 1059 2629 corporalem¹⁷
1076 2539 1277 2627 Ipsa¹⁸enim

224 2644 358 2709 suertmt
376 2664 451 2708 cum
467 2642 575 2730 ips0,¹⁰
590 2643 670 2730 quia
687 2667 760 2710 cum
782 2644 851 2729 ejus
867 2645 984 2719 anima,
1006 2643 1041 2706 in
1056 2642 1190 2707 inferno,
1226 2641 1278 2704 Si-

227 2753 282 2811 cut
305 2745 436 2832 igitur²⁰
462 2767 520 2832 per
545 2751 650 2811 totam
677 2746 817 2811 hostiam
844 2752 893 2811 est
924 2745 1073 2810 Christus
1103 2743 1276 2818 virtuosus,

224 2848 268 2913 sic
289 2847 455 2934 perillam
474 2846 547 2913 est²¹
566 2848 671 2913 virtus
695 2847 825 2913 Christi.
866 2847 964 2912 Unde
983 2851 1095 2911 auctor
1119 2845 1159 2908 de
1181 2843 1277 2907 Divi·

225 2951 276 3014 nis
301 2948 425 3015 Officiis
452 2949 632 3036 opinatur2²
656 2951 743 3034 quod
770 2956 903 3036 propter
932 2970 999 3013 esse
1022 2946 1189 3035 spirituale
1211 2967 1278 3010 cor-

225 3051 313 3138 poris
329 3052 453 3118 Christi
471 3053 505 3116 in
523 3053 639 3128 hostia,
657 3058 706 3117 est
728 3052 776 3117 ibi
792 3050 1043 3117 concomitantia
1058 3045 1280 3134 augelorum.²³

1198 3233 1275 3242 ...-

261 3361 357 3430 ¹trh'a]
371 3364 466 3422 talium,
479 3364 508 3413 B.
809 3363 827 3397 ¹⁸
854 3361 1058 3432 multiplicantur]
1104 3361 1279 3426 commultipli-

260 3442 436 3509 ²materioles]
467 3441 599 3503 naturales,
616 3442 657 3502 v,
685 3440 730 3492 ie.
777 3453 872 3505 eantur,
884 3447 914 3495 B.

227 3524 294 3573 n²lcs
306 3524 345 3572 lor
356 3525 438 3573 m⁸les.
811 3525 829 3554 ¹⁵
840 3526 907 3590 qua]
922 3523 972 3589 qui,
983 3523 1013 3574 E.

261 3606 271 3633 ¹
293 3602 489 3667 concomitantrr]
512 3602 666 3661 comitanter,
689 3601 716 3650 Α
723 3619 730 3660 ;
812 3604 978 3669 '‘requiruut]
992 3603 1105 3669 exigunt,
1116 3602 1146 3653 B.

228 3680 474 3738 concessionum.
812 3682 829 3711 ¹¹
847 3679 1185 3748 ubicunque-corporalem]
1208 3678 1280 3729 order

262 3763 271 3790 ⁴
284 3763 309 3808 in
321 3760 413 3825 hostia]
427 3776 475 3809 om.
488 3757 522 3809 V.
778 3760 804 3809 in
816 3760 850 3821 A,
862 3776 953 3824 praex.
965 3777 1032 3826 corp.
1047 3762 1107 3813 Chr.
1119 3760 1183 3809 ubic.
1196 3759 1230 3807 fu

262 3840 271 3869 ¹
284 3838 381 3903 itatem]
395 3855 443 3888 om.
456 3839 486 3887 E.
813 3840 830 3869 ¹⁸
842 3840 910 3905 ipso]
927 3841 986 3903 ipse,
998 3841 1032 3891 A.

262 3917 345 3982 ⁶siut]
359 3918 398 3977 sit,
411 3917 441 3966 E.
813 3920 831 3948 ¹’
843 3919 907 3984 ipso]
922 3919 1029 3979 Christo,
1042 3920 1071 3978 B,
1083 3917 1113 3967 ll.

266 3998 274 4024 ’
286 3997 369 4060 iatius]
383 3995 469 4059 ipsius,
480 3996 510 4044 B.
812 3998 831 4027 ²⁸
845 3998 932 4062 ἱρέων]
946 4013 1013 4062 ergo,
1026 3999 1060 4057 A,
1073 3997 1102 4046 Ε.

262 4076 367 4140 ιφιαινι]
382 4075 503 4138 posterius
514 4089 596 4138 quam,
609 4075 638 4123 B.
812 4064 832 4106 ²¹'
847 4093 894 4140 per
918 4073 983 4124 illam
1005 4077 1054 4141 est]
1079 4085 1117 4125 est
1139 4090 1183 4139 per
1204 4075 1280 4132 illam,

263 4156 371 4218 'corpas
411 4153 517 4218 Christi]
566 4154 592 4200 in
631 4167 734 4216 corpore
781 4153 814 4212 Δ,
826 4155 856 4204 Β.

235 4232 337 4292 Christi,
350 4233 390 4292 A3
408 4249 467 4291 osse,
480 4232 510 4281 B.
812 4236 832 4263 n
843 4232 970 4298 opinator]
988 4249 1036 4283 om.
1049 4233 1083 4283 A.

267 4313 285 4340 ¹·
298 4311 334 4360 Et
345 4311 435 4376 caum]
449 4311 482 4360 Et
493 4311 539 4360 hec
552 4325 634 4370 cansa,
646 4310 677 4369 E,
689 4305 723 4360 V.
813 4315 832 4343 ²³
844 4312 959 4361 Duraudi
977 4311 1116 4370 Rationale,
1134 4326 1170 4361 rr.
1190 4327 1243 4373 cap.
1260 4316 1280 4370 l,

269 4389 488 4455 ''tujua]om.1⁴}.
780 4390 809 4440 de
829 4389 919 4440 Missa
962 4391 1002 4440 lle
1022 4392 1143 4456 probably
1161 4392 1220 4440 took
1240 4391 1282 4440 the

267 4472 286 4499 ¹²
297 4468 388 4533 uectem]
402 4484 451 4516 om.
466 4469 496 4517 Ε.
780 4469 879 4520 remark
892 4469 957 4518 from
974 4470 1009 4520 St
1024 4472 1147 4535 Gregory,
1159 4470 1185 4518 in
1198 4469 1281 4519 whose

267 4551 285 4578 ¹³
298 4545 477 4612 immutarioles]
496 4555 521 4597 ct
537 4545 683 4607 materiales,
696 4547 734 4607 ll;
782 4549 887 4599 Pascha}
900 4549 1004 4615 llomily
1016 4550 1037 4599 it
1048 4565 1142 4599 occurs.

234 4645 285 4679 non
296 4626 442 4686 materiales,
455 4627 488 4676 Vt
