3158 5490
286 683 352 747 508
684 690 865 744 masuam
886 693 932 742 or

114 890 253 950 rimant
335 871 381 936 llt
411 875 491 936 sunt
520 875 663 955 quatuor
692 869 800 937 bnllae.
846 871 888 934 In
918 891 1060 955 quorum
1090 890 1161 934 nna
1193 867 1348 934 domina

285 996 371 1060 papa
400 973 549 1038 coneedit
572 972 680 1037 tribus
701 973 859 1060 episcopis
881 978 917 1037 et
939 973 1033 1037 fratri
1061 970 1215 1038 Waltero
1239 971 1346 1056 Dyme

285 1075 459 1139 confessori
495 1075 620 1139 domini
659 1076 745 1162 ragis
787 1074 959 1160 Hispaniae
1006 1074 1099 1140 ducis
1143 1073 1347 1139 Lanoaatuiae

285 1182 481 1263 potestatem
511 1182 546 1241 et
575 1178 807 1242 auctoritatem
843 1175 1074 1243 reconciliandi
1113 1198 1175 1262 per
1214 1176 1345 1262 seipsos,

286 1278 340 1343 vel
378 1279 479 1344 etiam
516 1301 576 1365 per
616 1279 697 1345 alios
741 1279 932 1355 sacerdotes,
971 1299 1085 1344 omnes
1122 1278 1278 1344 ecclosias
1312 1283 1346 1343 et

286 1381 474 1446 coemeteria
500 1382 790 1467 quomodocrmque
820 1381 947 1469 polluta
970 1402 1029 1468 per
1051 1384 1162 1447 totam
1188 1380 1345 1467 Angliam

286 1489 320 1547 et
342 1482 539 1570 Hispaniam
566 1489 600 1549 et
622 1489 729 1549 cetera
752 1505 853 1571 regna
874 1489 908 1550 et
930 1490 1034 1549 terras
1055 1484 1093 1548 in
1118 1483 1244 1570 quibus
1266 1483 1346 1549 facit

286 1607 341 1650 eos
365 1608 440 1651 suos
461 1586 603 1651 nuntios,

219 1742 226 1766 ‚
332 1687 375 1752 ln
397 1688 463 1753 alia
484 1688 574 1753 bulla
595 1688 743 1754 conoedit
766 1686 813 1754 eis
836 1687 1067 1755 auctoritatam
1089 1687 1225 1754 creandi
1248 1688 1344 1775 quin·

286 1791 446 1878 quaginta
467 1791 649 1877 capellanos
664 1791 797 1879 papales
811 1792 852 1858 de
867 1813 1061 1877 quocunque
1074 1796 1169 1856 statu
1191 1790 1342 1867 eoclesiae,

287 1894 357 1959 aive
382 1895 548 1980 religiosos
571 1895 641 1959 sive
670 1893 837 1973 seculares,
862 1895 940 1959 dum
967 1900 1079 1959 tamen
1104 1913 1254 1980 personae
1275 1894 1343 1958 sint

287 1995 413 2062 habiles
435 2003 469 2061 et
484 1996 636 2063 honestae

163 2111 169 2124 ·
201 2150 209 2174 ,
333 2097 376 2162 In
402 2100 503 2162 tertia
532 2099 680 2166 concedit
704 2097 734 2164 ei
758 2099 988 2166 auctoritatem
1011 2096 1150 2165 faciendi
1181 2098 1343 2185 qninqua-

286 2200 379 2285 ginta
410 2201 554 2267 notarios
589 2202 630 2268 de
658 2202 906 2288 quibuscunque
935 2201 1082 2288 personia
1111 2199 1278 2266 habilibus
1307 2206 1342 2266 et

286 2302 438 2378 honestis,
464 2304 533 2368 sive
560 2305 628 2369 sint
653 2305 845 2391 presbyteri,
865 2304 935 2369 aive
957 2303 1059 2369 etiarn
1081 2302 1258 2390 conjugati

332 2404 374 2469 In
415 2413 532 2491 quarta
578 2405 736 2472 oonoedit¹
783 2406 831 2472 eis
875 2427 1063 2493 expressam
1103 2407 1338 2471 auctoritatem

286 2507 483 2574 habilitandi
506 2531 617 2574 omnes
639 2509 810 2574 bostardos
831 2509 874 2574 ad
897 2509 1027 2574 ordines
1053 2514 1089 2573 et
1109 2507 1270 2574 beneficia
1290 2531 1339 2573 ec·

285 2611 472 2690 clesiastica‚
495 2610 741 2696 quomodolibet
774 2611 898 2676 firerint
929 2611 1089 2697 procreati
1118 2616 1217 2676 extra
1246 2611 1340 2697 legia

286 2713 404 2777 timum
431 2713 627 2800 conjugium,
650 2715 719 2778 sive
734 2714 775 2778 de
798 2712 938 2799 simplici
958 2713 1180 2789 fornicatione,
1204 2713 1276 2778 sive
1299 2712 1339 2776 de

285 2815 447 2879 adulterio
473 2816 526 2880 vel
554 2817 687 2893 incestu,
714 2815 784 2881 sive
811 2814 1055 2900 quomodolibet
1078 2815 1182 2880 aliter.
1230 2815 1337 2894 Quam

286 2918 417 3002 quidem
443 2919 672 2984 auctoritatem
699 2918 865 2984 habebant
891 2919 981 3003 prius
1007 2917 1042 2981 in
1067 2917 1133 2981 alia
1165 2917 1257 2982 bulla
1280 2918 1337 2982 sed

284 3042 350 3083 non
374 3021 423 3085 ita
443 3042 599 3107 expresse.

181 3145 228 3207 pe
329 3123 395 3188 Sed
425 3124 521 3189 modo
550 3123 685 3209 quidam
708 3123 904 3211 impugnant
926 3121 1115 3209 hujusmodi
1150 3122 1336 3195 cruciatam,

115 3211 132 3244 ⁰
206 3280 220 3314 e
283 3224 507 3311 principaliter
551 3226 587 3290 in
632 3225 766 3302 duobus,
813 3227 848 3290 iu
893 3226 987 3292 bellis
1032 3230 1066 3291 et
1114 3224 1336 3311 indulgentiis

165 3327 171 3339 ’
284 3326 454 3406 Quantum
488 3329 531 3393 ad
568 3329 655 3393 bella
685 3328 799 3394 dicunt
830 3329 918 3414 quod
947 3334 997 3392 est
1027 3326 1181 3392 illicitum
1213 3327 1335 3413 erigere

114 3409 131 3443 ⁰
242 3435 248 3447 ’
282 3451 408 3494 crucem
436 3435 470 3495 et
495 3452 639 3519 pugnare
663 3437 777 3497 contra
804 3430 978 3517 Hispanos,
1006 3451 1079 3494 mam
1110 3429 1160 3492 illi
1191 3430 1260 3494 sint
1289 3427 1337 3492 ita

282 3532 393 3598 fideles
431 3534 601 3598 christiani
631 3539 671 3598 ut
700 3533 841 3620 Anglici.
902 3533 998 3597 Istud
1029 3554 1096 3596 non
1130 3536 1183 3595 eat
1221 3552 1335 3594 verum

282 3634 370 3718 quod
393 3635 442 3698 illi
465 3641 544 3700 sunt
567 3637 615 3700 ita
637 3635 748 3700 fideles
770 3634 939 3700 eluistiani
978 3642 1018 3699 ut
1047 3656 1119 3713 nos,
1147 3632 1237 3717 quod
1268 3653 1333 3697 non

281 3734 404 3801 habent
444 3739 493 3802 ita
529 3761 641 3803 veram
680 3738 779 3802 fidem
819 3737 965 3802 omnium
1007 3735 1220 3800 articulorum
1258 3734 1335 3798 fidei

281 3838 476 3916 christianae,
508 3842 586 3926 quia
609 3862 693 3904 unns
716 3839 873 3905 articulus
895 3839 972 3904 fidei
992 3842 1043 3903 est
1064 3859 1166 3901 unam
1187 3841 1334 3902 sanctam

279 3939 316 4003 in
340 3942 434 4005 terris
458 3942 623 4007 ecclesiam
647 3964 714 4007 esse
737 3946 833 4007 extra
854 3940 946 4026 cujus
967 3940 1131 4006 unitatem
1154 3961 1252 4005 nemo
1274 3939 1335 4002 sal·

280 4049 386 4119 vatur,
403 4050 442 4108 ut
458 4050 550 4130 patet
571 4045 605 4108 in
626 4045 776 4130 symbolo
799 4043 945 4119 Niooenq
969 4042 1057 4108 etin
1076 4041 1232 4107 decretali
1253 4041 1335 4105 Hinc

281 4152 400 4210 advecto
423 4145 602 4212 Trinitas?
649 4148 694 4212 Et
724 4147 794 4212 haec
818 4151 932 4211 sancta
954 4145 1093 4223 ecclesia,
1119 4150 1217 4209 extra
1241 4143 1333 4229 cujus

280 4248 441 4312 unitatem
465 4271 561 4315 nemo
583 4249 739 4326 salvatur,
766 4255 816 4314 est
842 4248 993 4315 Romana
1017 4247 1159 4324 ecclesia,
1185 4269 1262 4332 qua>
1284 4250 1334 4311 est

648 4469 670 4472 ,-,
681 4468 741 4473 .—
803 4469 852 4473 ...,.
864 4469 895 4472 ....
926 4469 929 4473 .
1112 4467 1208 4472 .-—--
1222 4464 1332 4472 ..—

311 4616 318 4648 ¹
331 4617 450 4684 concedit]
470 4617 604 4681 contendit,
618 4617 674 4670 MS.
793 4615 798 4685 Ι
863 4616 998 4668 *inania
1010 4631 1044 4669 no
1054 4614 1117 4668 such
1124 4613 1251 4666 Decretab
