3158 5490
258 720 324 789 496
658 735 834 787 seruumx
859 735 903 785 or

258 924 524 1010 delinquentibus
536 948 544 1004 ;
579 925 633 990 vel
655 925 744 1009 quod
769 924 940 1011 populures
966 924 1092 1010 possint
1119 925 1162 989 ad
1192 944 1309 995 eorum

260 1027 436 1094 arbitrium
459 1026 609 1093 dominos
631 1025 873 1113 delinquentes¹
899 1025 1065 1113 corrigere.

719 1250 851 1317 XVIII.

304 1390 392 1454 ltem
414 1389 502 1476 quod
532 1388 666 1454 deeimee
690 1393 769 1454 sunt
791 1409 881 1474 poree
916 1387 1139 1474 eleemosynae,
1164 1392 1199 1453 et
1222 1388 1312 1473 quod

260 1490 446 1577 parochiani
477 1496 612 1576 possunt
643 1495 776 1576 propter
805 1495 938 1576 peeosts
965 1511 1099 1555 suorum
1122 1495 1312 1558 curatorum

261 1615 314 1659 eas
336 1593 491 1670 detinere,
514 1597 548 1658 et
570 1591 613 1657 ed
636 1591 767 1657 libitum
790 1591 864 1657 eliis
887 1591 1039 1658 oonlerre.

737 1817 830 1884 XIX.

304 1956 390 2021 Item
423 1957 511 2042 quod
541 1956 693 2042 speciales
734 1955 897 2021 orationes
934 1954 1109 2042 sppliestae
1143 1957 1204 2020 uui
1239 1978 1314 2043 per·

259 2080 348 2123 sonre
384 2079 441 2143 per
478 2058 629 2142 praelotos
666 2057 719 2122 vel
758 2056 925 2143 religiosos
956 2078 1023 2121 non
1059 2056 1135 2143 plus
1173 2063 1313 2144 prosunt

260 2159 364 2224 eidem
387 2179 540 2244 personne,
557 2179 657 2245 quom
671 2158 837 2248 generales
853 2158 1016 2224 orationes
1038 2159 1156 2223 ceteris
1178 2159 1315 2245 paribus

262 2259 373 2327 eidem.

751 2483 824 2561 XX·
1202 2550 1213 2560 .

309 2611 395 2676 Item
433 2609 521 2695 quod
558 2632 597 2676 eo
630 2611 700 2697 ipso
741 2611 829 2696 quod
866 2611 983 2697 aliquis
1021 2612 1206 2699 ingreditur
1243 2615 1318 2678 reli·

263 2713 389 2798 gionem
428 2713 589 2797 privatam
633 2733 866 2796 quameunque,
900 2713 1048 2777 redditur
1092 2713 1237 2799 ineptior
1281 2722 1317 2781 et

264 2814 438 2881 inlrnbilior
460 2813 502 2879 ed
526 2813 766 2879 observantiam
789 2814 1018 2879 mandatorum
1042 2815 1112 2879 Dei

741 3039 836 3107 XXI.

312 3164 397 3229 Item
438 3166 525 3250 quod
562 3166 666 3230 saneti
704 3166 914 3231 instituentes
959 3165 1130 3251 religiones
1171 3167 1320 3250 privatas

267 3286 483 3350 quascunque,
509 3272 576 3331 tom
600 3267 909 3352 possessiouutorum
932 3289 1030 3353 quam
1049 3266 1319 3344 mendicantium,

267 3367 301 3432 in
324 3368 370 3433 sio
392 3367 594 3434 instituendo
616 3374 837 3457 peecaverunt.

736 3593 849 3658 XXII.
882 3598 883 3602 ’

316 3717 402 3782 Item
426 3717 514 3801 quod
536 3717 678 3803 religiosi
696 3716 865 3782 viventes²
888 3718 923 3781 iu
947 3718 1160 3805 religionibus
1182 3719 1324 3804 privatis

271 3840 337 3884 non
359 3824 438 3884 sunt
460 3820 501 3883 de
523 3819 679 3905 religione
701 3818 884 3884 christiana.

729 4056 863 4121 XXIII.

317 4198 404 4263 Item
429 4198 517 4283 quod
549 4197 665 4263 fratres
698 4201 875 4261 teneantur
905 4218 962 4283 per
987 4197 1129 4262 laborem
1155 4222 1324 4281 munuum,

272 4304 306 4364 et
328 4321 394 4363 non
421 4320 479 4385 per
500 4299 778 4374 mendicationem,
803 4299 928 4364 vietum
951 4321 1047 4364 suum
1074 4302 1252 4386 acquirere.

310 4642 316 4670 ¹
329 4639 504 4707 delinquentes]
526 4642 700 4707 diliuqueutes,
712 4643 768 4692 MS.
810 4641 815 4709 Ι
862 4643 1002 4710 ’viventesJ
1021 4640 1158 4703 redientes,
1171 4643 1228 4694 uls,
