3008 5490
542 738 719 791 Flsclcum
742 738 968 789 ZIZANIORUM.

241 1256 355 1328 lmus
375 1276 637 1327 nrrnnmsarro
661 1261 895 1326 Krurromu
918 1276 1054 1327 courel
1075 1262 1278 1330 Wrccnrrr.

428 1373 485 1438 Du
507 1389 587 1439 assa
609 1389 858 1439 mrummmm
880 1385 1079 1439 camruan.

274 1603 406 1671 Hanno
419 1606 610 1692 frequenter
623 1605 798 1693 multiplici
821 1608 967 1671 tractatu
985 1606 1025 1670 de
1041 1627 1108 1670 esse
1123 1611 1280 1672 creaturae

232 1705 314 1773 inter
353 1710 571 1774 reverendum
613 1709 807 1794 magistrum
851 1729 963 1772 meum
1012 1712 1046 1772 et
1096 1707 1276 1771 dominum¹

232 1807 423 1896 Magistrum
445 1809 469 1874 J
470 1809 633 1876 ohannem
648 1809 816 1896 Wycclyff
836 1814 870 1873 et
891 1830 952 1887 me,
977 1813 1046 1872 tam
1068 1829 1127 1894 per
1141 1809 1283 1873 auctori-

228 1915 314 1989 tates
330 1932 431 1997 quam
453 1933 514 1998 per
533 1911 684 1987 rationes,
701 1912 791 1976 varie
807 1909 1038 1996 disceptatum⁹
1061 1916 1117 1975 est.
1163 1910 1279 1997 Nuper

226 2017 330 2078 autem
353 2014 390 2077 in
411 2013 533 2078 ultima
554 2011 825 2078 determinatione
857 2035 918 2078 sua
938 2012 1129 2078 fortificavit
1150 2017 1278 2098 partem

224 2134 313 2180 suam
326 2114 448 2180 validis
469 2115 679 2201 argumentis,
705 2121 739 2179 et
766 2113 950 2178 efficacibus
974 2120 1159 2180 sanctorum
1185 2114 1277 2179 tasti-

225 2217 345 2292 moniis,
377 2217 422 2280 ad
453 2237 527 2301 quae
557 2222 651 2302 rogat
681 2215 805 2280 Doctor
834 2217 923 2301 quod
949 2217 1032 2281 clare
1058 2218 1276 2302 respondeam.

224 2315 265 2383 Et
287 2317 433 2383 libenter
456 2318 539 2394 volo,
564 2319 622 2383 sed
645 2317 729 2383 forte
755 2338 823 2382 non
846 2316 976 2383 sufficio.
1023 2317 1138 2383 Unum
1163 2323 1276 2382 tamen

224 2417 358 2485 intendo
381 2419 495 2495 facere,
512 2420 602 2504 quod
626 2418 750 2483 Doctor
772 2440 863 2482 meus
883 2441 936 2483 me
959 2418 1124 2484 recitando
1144 2426 1276 2505 praeter-

224 2521 353 2587 mittere
379 2519 470 2596 solet,
488 2521 566 2605 quia
593 2519 677 2585 clare
704 2524 738 2584 et
763 2520 890 2606 integre
916 2521 1060 2586 recitabo
1083 2527 1278 2607 argumenta

222 2644 279 2688 sua
305 2623 345 2687 in
381 2622 487 2687 forma
516 2643 596 2707 qua·
610 2622 705 2697 fiunt,
736 2628 776 2687 ut
813 2627 847 2687 et
877 2622 981 2707 major
1009 2623 1153 2707 ipsorum
1191 2622 1276 2687 color

223 2729 385 2811 appareat,
405 2729 440 2788 et
465 2723 631 2809 responsio
655 2723 782 2809 planior
807 2724 960 2788 videatur
984 2720 1202 2787 audientibus.

263 2826 389 2912 Arguit
412 2824 572 2911 Magister
592 2846 685 2889 meus
706 2825 811 2910 primo
834 2826 874 2889 de
897 2845 965 2889 esse
987 2823 1186 2909 intelligibili
1207 2823 1277 2888 sive

225 2927 361 3014 cognite,
389 2926 500 2991 nitens
529 2948 589 3012 per
617 2926 678 2991 hoo
703 2922 840 3011 probare
870 2925 1081 3012 principalem
1112 2925 1277 2989 intentum

226 3050 317 3093 suum
341 3028 378 3092 in
393 3028 453 3092 bac
469 3028 614 3103 materia,
630 3028 752 3092 scilicet
767 3029 855 3112 quod
878 3049 973 3091 omne
988 3027 1076 3112 quod
1090 3027 1155 3089 fuit
1170 3031 1227 3103 est,
1244 3031 1278 3090 et

226 3136 377 3196 econtra
423 3130 468 3193 Et
492 3151 551 3215 pro
577 3129 640 3194 isto
666 3130 799 3194 adducit
825 3130 945 3193 multas
972 3129 1153 3194 evidentias
1178 3129 1278 3192 fortes

227 3240 258 3297 et
280 3232 427 3309 subtiles,
443 3232 582 3316 adquae
598 3231 734 3296 dicendo
749 3254 807 3317 pro
822 3232 952 3296 modulo
968 3253 1040 3296 meo
1056 3231 1140 3295 siout
1163 3231 1276 3305 sentio,

226 3334 431 3419 postmodum
446 3334 598 3396 reducam
613 3333 741 3397 easdem
757 3333 938 3398 evidentias
953 3339 1067 3398 contra
1082 3333 1277 3419 Magistrum

226 3456 334 3500 meum
360 3436 397 3498 in
424 3435 560 3499 diversis
586 3434 795 3520 opinionibus
819 3435 894 3498 suis.

270 3536 296 3601 Ι.
313 3537 425 3600 Primo
439 3536 543 3621 igitur
557 3536 665 3620 arguit
680 3535 735 3599 sic.
781 3535 887 3599 Omne
901 3536 1048 3602 absolute
1063 3536 1277 3601 necessarium
1289 3528 1405 3594 wyelifs

227 3643 275 3703 at
296 3638 512 3702 essentialiter
535 3638 647 3701 divina
669 3637 825 3712 essentia3
850 3639 959 3723 [omne
983 3660 1051 3702 esse
1073 3637 1279 3722 intelligibile
1289 3595 1447 3710 &diffie

227 3739 373 3805 absolute
395 3739 608 3803 necessarium
631 3744 703 3818 est3
737 3737 842 3824 ergo]³
865 3760 960 3803 omne
983 3761 1050 3804 esse
1073 3738 1279 3824 intelligibile
1291 3725 1438 3791 ''Wlffli-

228 3846 382 3906 creaturae
399 3846 449 3905 est
464 3840 678 3905 essentialiter
693 3840 807 3905 divina
821 3841 968 3905 essentia
1014 3840 1127 3926 Major,
1145 3847 1184 3905 ut
1199 3840 1280 3905 dicit

228 3941 358 4018 Doctor,
376 3947 426 4006 est
447 3942 571 4007 famosa
586 3942 673 4026 apud
694 3941 908 4027 philosophos,
925 3948 959 4007 et
985 3941 1151 4028 theologos
1166 3944 1279 4007 adver·

228 4049 334 4110 tentes
364 4044 627 4129 pradicationem
658 4044 835 4107 secundum
872 4044 1066 4123 essentiam
1105 4053 1139 4108 et
1172 4045 1281 4107 minor

228 4147 383 4230 probatur
394 4146 446 4210 sic.
485 4143 523 4209 Si
537 4145 628 4209 Deus
644 4151 701 4220 est,
715 4145 790 4230 Ipse
805 4145 960 4230 intelligit
972 4167 1039 4209 esse
1054 4145 1259 4230 intelligibile

262 4476 420 4542 'dominumJ
446 4478 548 4536 dictum,
577 4477 731 4552 MS·-Th²
812 4476 1002 4543 ’disceptatum
1016 4477 1189 4541 discrepatum,
1201 4476 1255 4528 MS.

231 4557 379 4632 trgnrcribcr
401 4556 447 4606 has
468 4557 593 4607 mistaten
611 4559 671 4606 dnm
692 4557 732 4605 sor
813 4557 1000 4623 'omne-crgo]
1014 4557 1126 4620 supplied
1137 4572 1170 4606 on
1182 4556 1280 4620 conjec-

231 4634 293 4687 dcm.
779 4643 843 4686 turc.
