3008 5490
172 152 215 215 ιι
534 151 712 204 rasc1cun1
735 150 958 203 z1zau10aou
1205 134 1270 207 367

172 306 393 449 ,μω
423 342 466 407 aa
495 340 696 427 nuendum
726 339 882 415 nimos,
914 345 949 405 ec
978 339 1021 402 aa
1051 337 1271 404 muranum

217 457 278 539 ζ
302 448 340 511 et
362 465 430 511 non
452 444 496 509 ad
521 442 730 509 occidendum
757 464 818 507 eos.
866 441 965 506 Ratio
995 446 1045 506 est
1074 441 1152 517 haec,
1184 439 1272 525 quod

172 590 180 637 ,
216 542 272 628 *sp
292 544 434 635 niujai¹
459 550 561 633 parte,
587 544 645 610 ubi
669 544 816 610 homines
838 549 995 630 pugnant,
1026 550 1101 630 post
1130 543 1272 628 primum

360 646 480 715 caritas
508 647 680 732 rumpitur.
742 646 787 710 Et
818 646 965 732 quisquis
1003 645 1144 711 moritur
1178 648 1273 710 extra

177 784 181 795 ·
350 781 386 805 zu·
425 748 521 815 vadit
549 755 672 814 rectam
697 748 788 812 viam
817 748 860 811 ad
890 748 1062 813 infernum.
1108 747 1155 813 Et
1183 747 1272 812 ultra

198 865 220 940 ss]
322 872 384 919 noa
420 851 503 918 bene
539 849 760 937 cognoscimus
790 850 878 935 quod
908 849 1017 914 nullus
1047 849 1181 914 clericus
1210 849 1272 913 scit

197 947 222 982 *³
235 965 266 1006 u.
285 997 296 1008 ,,
356 985 377 1033 ·.,
398 975 458 1041 per
488 953 691 1039 Scripturam
720 953 774 1017 vcl
804 973 862 1038 per
890 952 1051 1017 rationem
1082 951 1271 1037 legitimam,

177 1056 431 1147 ¹1311mitiouem
452 1056 566 1120 mortis
586 1077 645 1141 pro
666 1076 732 1119 uno
753 1057 885 1139 peccato
908 1052 1049 1127 mortali,
1071 1058 1105 1118 et
1127 1073 1194 1116 non
1213 1073 1272 1137 pro

185 1146 201 1219 l.
220 1156 320 1227 ulio:
358 1157 417 1223 scd
445 1157 499 1221 lex
529 1156 767 1231 misericordiae,
796 1177 870 1242 quae
903 1162 952 1219 est
989 1154 1123 1219 Novum
1162 1153 1273 1217 Testa-

172 1298 182 1349 ς
217 1264 385 1336 mcum,
421 1258 548 1323 inhibet
589 1257 811 1322 omnimodum
852 1255 1082 1321 homicidium:
1119 1254 1209 1319 nam²
1239 1255 1274 1318 in

172 1356 184 1449 J·
229 1361 405 1450 evangelio
431 1359 573 1426 Dictum
603 1366 650 1425 eat
673 1357 841 1445 anitiquis,
866 1357 947 1423 Nou
971 1354 1119 1423 occides.⁸

172 1502 174 1507 ·
233 1450 241 1465 ’
270 1460 486 1531 corollarium
523 1467 573 1527 ost
604 1460 729 1526 sancta⁴
760 1460 952 1547 exspoliatio
974 1459 1123 1546 pauperis
1153 1460 1272 1546 populi,

221 1565 361 1653 qnando
407 1561 546 1630 domini⁶
582 1563 756 1649 acquirunt
801 1563 1020 1648 indulgentias
1056 1585 1077 1626 a
1113 1583 1212 1650 poena
1235 1568 1275 1627 ‘et

172 1712 180 1747 ·.
219 1666 332 1757 σήμ
356 1666 423 1732 illis
448 1667 506 1750 qui
527 1665 649 1751 juvant
672 1665 851 1730 exercitum
876 1686 987 1730 corum
1013 1665 1056 1730 ad
1081 1664 1276 1731 interficien-

172 1766 181 1783 ’“
220 1758 308 1837 Μ
339 1769 496 1856 populum
534 1768 755 1845 christianum,
795 1767 831 1830 in
862 1767 1048 1853 longinquis
1083 1768 1187 1845 terris,
1217 1789 1275 1853 pro

223 1871 405 1958 temporali
442 1870 540 1945 lucro,
575 1870 660 1936 sicut
697 1867 748 1934 et⁶
784 1890 843 1934 nos
874 1868 1025 1946 vidimus,
1061 1870 1181 1934 milites
1219 1869 1276 1955 qui

225 1978 368 2041 currunt
397 1972 441 2037 ad
470 1972 624 2049 ethnicos,
652 1972 687 2035 id
717 1977 774 2047 cst,
802 1968 879 2036 into
903 1970 1094 2057 cthpncaac,⁷
1120 1972 1163 2035 ad
1187 1992 1276 2056 quac·

223 2074 367 2143 rendum
390 2073 436 2139 eis
459 2094 579 2137 nomen
599 2073 635 2136 in
650 2070 818 2138 occisione⁸
833 2073 1024 2152 hominum3
1046 2072 1150 2136 multo
1173 2072 1276 2157 magis

224 2172 347 2243 malm‘
373 2181 482 2261 grates
509 2175 549 2239 de
576 2174 665 2260 Rege
689 2174 784 2260 pacis,
810 2174 887 2259 quia
913 2197 971 2261 per
992 2173 1214 2238 humilitatem
1244 2180 1278 2238 et

226 2277 429 2368 patientiam
452 2283 597 2342 nostram
620 2277 700 2342 fides
715 2276 780 2341 fuit
794 2275 1018 2362 multiplicata,
1035 2282 1069 2341 et
1084 2280 1279 2361 pugnatores
1331 2308 1334 2313 ·

227 2400 269 2447 ac
291 2379 515 2444 interfectores
541 2378 691 2444 Christus
711 2377 808 2442 Jesus
829 2377 900 2443 odit
926 2401 964 2442 ac
983 2377 1135 2454 minatur,
1161 2379 1277 2454 dicens,

229 2478 304 2567 Qui
326 2480 447 2568 plodio
468 2479 627 2567 percutit,
650 2478 768 2567 plodio
791 2477 955 2566 peribit.¹⁰

731 2694 790 2758 XI.

278 2834 375 2916 Quod
404 2840 519 2900 votum
545 2834 756 2899 continentiae
786 2833 909 2899 factum
939 2835 975 2898 in
1005 2840 1117 2901 nostra
1147 2835 1403 2961 ecclesiassgppmp

228 2958 291 3024 per
312 2937 472 3013 mulieres,
488 2959 562 3022 quoe
577 2942 654 3001 sunt
674 2936 804 3021 fragiles
819 2941 853 3001 et
874 2937 1070 3023 imperfectae
1094 2939 1129 3002 in
1152 2944 1277 3017 natura,
1291 2929 1401 3043 omnuiy

229 3044 284 3104 eat
324 3060 422 3103 causo
450 3037 650 3103 inductionis
691 3038 909 3103 maximorum
940 3038 1142 3105 horribilium
1172 3044 1413 3127 pecca-takenby

230 3148 344 3206 torum
366 3139 570 3226 possibilium
593 3139 745 3205 humanae
759 3145 896 3217 naturas,
913 3141 990 3225 quia
1005 3141 1082 3207 licet
1096 3143 1280 3208 interiectio
1291 3124 1395 3162 women

230 3263 407 3331 puerorum
433 3247 609 3328 autequam
639 3240 850 3328 baptizentur
887 3242 1120 3322 abortivorum,
1160 3251 1194 3310 et
1227 3246 1281 3311 de·

849 3446 1116 3455 .——-·--———-—--—
1139 3449 1277 3458 .---—,.-

269 3592 276 3624 ¹
289 3591 390 3658 najara]
409 3591 509 3652 minori,
523 3591 555 3643 G.
817 3595 888 3642 'into
910 3594 1043 3661 ethynccse]
1068 3596 1095 3645 in
1125 3601 1178 3647 toto
1203 3599 1219 3626 ‘⁶
1229 3597 1281 3648 Ile·

268 3672 279 3702 ¹
289 3670 358 3736 naun]
372 3686 421 3721 om.
433 3671 467 3721 A.
783 3672 893 3730 thenea,”
905 3672 937 3735 G,
949 3673 1028 3725 wilk.

269 3751 280 3780 ⁸
291 3748 354 3800 Mat.
365 3766 390 3799 v.
400 3754 442 3802 21,
816 3753 826 3781 ¹
836 3751 965 3818 ommim]
979 3752 1116 3816 oomaionc,
1128 3753 1162 3805 A.

271 3831 328 3877 ‘est
338 3828 438 3893 macta]
456 3828 523 3894 quod
534 3842 593 3878 sanc
604 3835 649 3889 cst,
663 3827 739 3878 Wilk.
817 3829 929 3896 'malad
946 3832 1032 3891 malos,
1052 3832 1088 3897 A,
1101 3834 1141 3894 (ἲς
1157 3843 1285 3886 merentur

271 3904 282 3937 ⁸
294 3904 410 3972 Domina]
424 3907 517 3967 Deum,
529 3906 563 3958 A.
784 3909 870 3968 malas,
882 3910 962 3961 wilk,

276 3983 334 4049 ¹01]
353 4000 402 4035 om.
416 3985 492 4047 A,G,
513 3986 563 4036 and
582 3985 660 4036 insert
677 3985 740 4037 acer
820 3989 839 4019 ¹‘
850 3988 995 4040 Matxxvl.
1013 3995 1052 4039 52.

240 4062 351 4114 vidimus.
