3008 5490
374 711 553 764 rrscrcurr
575 713 802 766 zrzaurosmr.
1046 703 1109 768 161

56 897 153 985 panis
175 900 235 962 aut
251 896 368 962 vinum
393 897 430 962 in
449 904 590 979 natura3
612 899 658 965 sie
679 898 755 965 nee¹
778 900 898 986 speeies
918 899 1012 985 panis
1034 900 1112 966 aut⁹

57 1000 138 1074 vini,
163 999 225 1065 sed
247 1020 321 1064 earo
347 1004 382 1064 et
407 1002 538 1086 sanguis
567 1000 651 1066 Jesu
681 1000 811 1066 Christi.
859 1001 997 1081 Quando
1024 1002 1113 1066 enim

57 1099 194 1186 ungulus
226 1106 363 1186 apparet
385 1101 422 1165 in
444 1102 549 1186 speeie
578 1103 689 1187 aliqua
716 1100 883 1178 humana,³
901 1124 969 1167 non
992 1102 1114 1168 dicitur

58 1201 148 1288 qnod
173 1201 294 1286 species
316 1200 375 1265 illa
395 1207 446 1266 est
468 1203 601 1288 angelus
625 1209 684 1269 aut
706 1203 825 1282 hom03
851 1204 930 1289 quia
944 1210 994 1268 est
1008 1225 1112 1269 unum

58 1322 175 1387 eorpus
195 1307 327 1368 atreum
353 1309 566 1388 assumptum,
583 1305 670 1388 quod
694 1310 807 1369 tamen
828 1326 888 1370 nee
903 1312 953 1370 est
968 1305 1111 1392 angelus,

58 1423 119 1467 nec
142 1402 248 1468 homo.
294 1401 464 1489 Scriptura
487 1409 600 1468 tamen
626 1407 773 1471 concedit
796 1407 885 1490 quod
905 1407 1039 1492 angelus
1062 1411 1122 1478 est.

57 1502 159 1568 homo
182 1505 358 1569 seeundum
384 1504 475 1568 illam
498 1506 643 1590 speeiem
690 1506 736 1571 Et
759 1512 810 1571 est
834 1508 949 1572 modus
969 1507 1112 1572 multum

57 1605 206 1669 usitatus
230 1604 266 1669 in
295 1604 469 1691 Scriptura,
500 1607 651 1692 ponendo
680 1629 800 1673 nomen
825 1609 872 1672 rei
896 1630 955 1693 pro
980 1610 1112 1674 nomine

57 1705 189 1792 speciei,
205 1710 240 1770 et
262 1727 280 1771 e
296 1728 457 1784 converso,
473 1714 513 1772 ut
537 1708 755 1794 exemplificat
770 1709 1009 1774 Lineolniensis
1055 1708 1112 1773 Ita

60 1807 187 1871 dicitur
214 1807 255 1872 da
283 1809 389 1894 specie
418 1810 484 1873 ista
513 1809 601 1894 quod
631 1831 690 1874 nec
721 1815 770 1875 est
808 1811 909 1897 panis
941 1831 1000 1875 nec
1037 1831 1112 1875 earo

59 1906 193 1973 Christi
237 1907 379 1974 Adhuc
405 1915 516 1975 tamen
547 1911 635 1995 quod
657 1932 730 1976 earo
761 1910 884 1977 Christi
915 1916 949 1976 et
978 1911 1111 1996 sanguis

56 2009 127 2074 sint
156 2009 353 2075 eueharistia
378 2011 557 2095 requiritur
581 2013 702 2096 species
726 2013 829 2097 panis,
860 2013 945 2077 siout
976 2013 1020 2076 ad
1049 2011 1112 2077 hoa

57 2111 148 2195 quod
165 2111 278 2176 album
301 2112 356 2191 sit,
377 2113 555 2196 requiritur
578 2113 700 2178 albedo.
747 2113 825 2178 Non
845 2119 957 2178 tamen
977 2118 1111 2198 propter

57 2211 120 2276 hoe
142 2219 193 2277 est
216 2213 300 2283 illud
329 2213 442 2278 album
472 2213 587 2279 albedo
599 2239 607 2293 ;
629 2236 799 2300 nunquam
825 2215 913 2279 enim
935 2219 1013 2279 sunt
1035 2235 1111 2279 earo

58 2318 94 2378 et
116 2315 251 2400 sanguis
274 2313 399 2379 Christi
421 2315 623 2391 eucharistia,
656 2316 719 2380 nisi
750 2317 881 2399 quando
911 2320 990 2380 sunt
1015 2316 1112 2399 panis

57 2420 93 2481 et
115 2416 240 2490 vinum,
257 2417 433 2480 setundum
460 2417 580 2501 species
602 2417 696 2501 panis
717 2420 752 2480 et
775 2416 853 2479 vini
901 2414 1011 2480 Sieut⁴
1034 2436 1110 2501 ergo

57 2515 192 2601 aliquod
214 2521 264 2580 ast
285 2522 524 2581 sacramentum
544 2517 683 2601 eorporis
709 2513 846 2580 Christi⁶
868 2517 955 2600 quod
977 2537 1045 2580 non
1060 2521 1111 2579 est

56 2637 174 2703 eorpus
210 2616 341 2693 Christi,
373 2624 408 2681 et
437 2618 570 2702 aliquod
607 2623 657 2681 est
694 2622 933 2680 sacramentum
970 2616 1111 2701 eorporis

57 2715 203 2783 Christi⁶
232 2719 320 2802 quod
352 2722 402 2782 est
439 2740 553 2802 corpus
583 2716 728 2794 Christi;
759 2718 808 2781 ita
837 2717 878 2781 de
908 2715 1110 2780 eucharistia
1197 2771 1200 2776 .

56 2816 307 2884 Sacramentum
348 2819 488 2903 eorporis
527 2819 651 2883 Christi
682 2818 769 2902 quod
805 2838 872 2882 non
909 2820 959 2881 est
995 2837 1110 2902 eorpus
1141 2851 1142 2854 ¹

57 2918 185 2986 Christi
207 2917 269 2991 est⁷
298 2919 480 3003 multiplex,
507 2925 577 2983 tam
604 2920 640 2982 in
669 2919 739 3004 lege
764 2919 867 2983 veteri
894 2939 993 3002 quam
1015 2939 1110 2982 nova

57 3019 128 3086 ὃὶο8
158 3042 286 3105 quoque
324 3042 427 3105 agnus
453 3021 584 3104 typicus
610 3020 674 3084 fuit
701 3023 939 3083 sacramentum
969 3018 1111 3102 corporis

58 3121 193 3200 Christi,
215 3143 283 3185 non
304 3127 416 3188 tamen
442 3120 507 3184 fuit
532 3141 646 3204 eorpus
673 3120 818 3197 Christi;
840 3120 890 3183 ita
916 3140 1045 3203 quoque
1075 3124 1110 3183 et

57 3223 164 3296 moda,
188 3223 308 3307 speeies
334 3222 427 3307 panis
458 3227 508 3286 est
538 3226 776 3285 sacramentum
806 3221 946 3306 corporis
977 3219 1108 3295 Christi,

56 3325 115 3388 sed
137 3345 206 3388 non
228 3330 278 3388 est
308 3345 422 3408 corpus
449 3323 579 3388 Christi.
636 3321 883 3387 Sacramentum
907 3327 1018 3386 autem
1040 3341 1111 3384 aor-

56 3425 146 3511 poris
163 3422 307 3506 Christi⁹
321 3425 408 3509 quod
431 3428 480 3487 est
503 3445 616 3507 corpus
638 3422 768 3499 Christi,
788 3428 837 3487 est
857 3444 972 3508 corpus
987 3421 1111 3487 Christi
1202 3423 1204 3427 ’

58 3527 205 3591 existens
230 3526 267 3589 in
289 3525 394 3599 altari,
418 3525 564 3609 simplex,
589 3524 795 3599 indivisibile,
819 3525 904 3589 sicut
926 3523 1007 3588 dicit
1031 3522 1111 3586 Dio-

58 3628 182 3711 nysius,
204 3632 238 3690 et
260 3625 435 3711 spirituale,
460 3626 635 3689 secundum
651 3625 883 3710 Augustinum‚
909 3623 973 3688 et¹⁰
993 3622 1111 3687 Hiero·

58 3749 199 3812 nymum
214 3732 248 3791 et
264 3726 509 3791 Damascenum.
556 3725 601 3790 Et
616 3726 697 3790 illud
720 3727 862 3790 existens
884 3725 920 3788 in
941 3723 1039 3787 altari
1061 3727 1112 3787 est

55 3835 298 3894 sacramentum
319 3824 489 3913 corporis¹¹
505 3827 592 3910 quod
614 3827 769 3912 pependit
788 3827 824 3890 in
847 3846 946 3901 cruce,
964 3830 998 3889 et
1017 3820 1110 3888 hoe¹²

94 4132 101 4161 ¹
114 4129 172 4194 aar]
185 4144 233 4179 nec
245 4137 289 4188 est,
301 4127 335 4189 A,
347 4128 377 4177 B.
644 4127 654 4155 ⁸
667 4125 727 4190 Sic]
746 4125 853 4188 perhaps
864 4125 935 4173 sicut

92 4207 173 4272 ΗΜ]
187 4223 236 4257 0¹¹¹·
252 4207 281 4256 B·
641 4218 651 4247 ⁹
665 4216 775 4281 Christi]
789 4231 838 4265 om.
851 4214 885 4264 A.

93 4285 235 4350 thumum]
249 4285 359 4334 humum
369 4292 402 4344 ei,
414 4284 444 4335 B.
644 4309 662 4338 ιο
673 4307 710 4372 ep]
726 4323 775 4357 om·
787 4306 821 4357 A·

95 4366 106 4394 ⁴
120 4363 206 4429 suu]
220 4379 270 4413 om.
282 4363 312 4416 C.

96 4441 228 4507 *cariffi
247 4443 390 4497 seeundum,
403 4440 431 4490 Ο.

95 4519 228 4584 Ὀἧώέῆ
247 4522 390 4578 secundum,
401 4519 431 4570 C.

97 4599 166 4665 ἀι]
187 4613 236 4649 om.
249 4597 277 4649 C.

644 4399 660 4429 ¹¹
672 4398 792 4464 capetus]
812 4398 843 4448 B.
860 4398 928 4460 adds,
941 4397 1070 4462 pendentis
1086 4397 1114 4446 in

609 4493 683 4527 cruce
696 4479 745 4528 vel.

644 4569 663 4599 ¹²
674 4567 732 4634 Ιιοο]
746 4583 795 4618 om.
810 4569 842 4628 A,
853 4569 883 4620 Β.

1003 4675 1024 4721 L
