3158 5490
266 736 332 802 250
581 752 761 803 riscmnm
783 748 1010 804 zrznmontnc

744 977 844 1042 VIII.

311 1089 344 1152 N
347 1111 388 1155 on
419 1096 469 1155 est
506 1090 658 1175 possibile
695 1090 859 1156 hominem
893 1089 1167 1155 excommunicari
1197 1089 1242 1156 ud
1269 1087 1320 1156 sui

266 1190 430 1265 (lemnum,
463 1192 525 1255 nisi
563 1193 861 1258 excommunicetur
897 1193 1003 1278 primo
1031 1195 1067 1256 ct
1095 1192 1320 1278 principaliter

265 1313 286 1354 a
308 1293 488 1378 semetipso.
1191 1380 1194 1385 Ι

309 1392 413 1469 Patet,
446 1418 483 1459 eo
521 1394 609 1480 qnod
645 1395 750 1460 omnis
783 1395 859 1461 tulis
896 1394 1191 1461 excommunicatio
1231 1394 1318 1483 sepit

264 1496 535 1561 excomnmmcati
577 1496 868 1563 deteriorationem.
938 1497 1005 1563 Sed
1056 1519 1153 1563 nemo
1199 1500 1316 1584 potest,

264 1599 441 1662 secundum
474 1597 764 1684 Chrysostomum¹
789 1604 824 1665 et
856 1599 1060 1686 Scripturnm
1095 1622 1233 1678 sacram,
1264 1600 1318 1665 de.¹

264 1701 421 1780 teriorari,
460 1702 523 1766 nisi
560 1701 701 1766 lecdotur
736 1724 794 1788 per
838 1706 1014 1787 peecatum,
1055 1702 1145 1789 qnod
1189 1704 1317 1789 oportet

261 1803 390 1867 tmhere
414 1802 570 1889 originem
593 1826 614 1867 n
635 1809 796 1889 peccante.
842 1804 931 1868 Nam
954 1805 1122 1870 meritoria
1145 1803 1315 1891 suspensio

262 1904 403 1968 hominis
434 1927 454 1968 n
484 1907 701 1981 oztcrunrentis³
734 1911 768 1970 et
801 1906 947 1992 ingrcsou
981 1906 1129 1985 ecclesiae,
1160 1928 1231 1972 non
1266 1910 1315 1972 est

262 2005 564 2088 excommunicatio,
595 2008 659 2071 nisi
697 2008 870 2094 aequivoce
916 2006 962 2072 Et
991 2013 1157 2095 quantum
1187 2008 1233 2074 nd
1262 2032 1310 2073 ra·

263 2109 384 2172 tionem
415 2109 532 2184 meriti,
564 2113 614 2174 est
650 2109 741 2196 prius
771 2110 815 2175 ob
843 2110 1133 2191 excommunicato,
1164 2132 1266 2196 quem
1293 2134 1315 2177 a

264 2210 386 2274 Christi
412 2210 535 2275 vicario
565 2213 872 2278 excommunicante
931 2212 1038 2278 Nemo
1068 2214 1158 2278 enim
1188 2213 1314 2279 dnrnni·

263 2315 389 2392 fiditur,
413 2315 439 2377 ci
464 2337 529 2379 non
556 2338 614 2400 per
642 2321 811 2401 peccatum
842 2310 1050 2381 subtrahcne
1065 2315 1217 2381 divinum
1240 2314 1313 2381 sub·

263 2415 401 2495 si‹lium;
425 2422 463 2480 ut
489 2422 581 2502 patet
602 2417 699 2483 Iscim
719 2435 785 2483 le.
804 2421 834 2499 2,
858 2418 882 2481 Ι
883 2416 1070 2504 iniquitaten
1092 2425 1210 2485 ccciccc
1224 2414 1313 2484 divi·

263 2524 381 2583 neront
405 2518 498 2584 inici·
521 2541 576 2584 coe
604 2525 633 2584 ct
660 2518 774 2585 Deum
797 2526 956 2585 centrum.

755 2717 815 2782 IX.

308 2826 415 2893 Nemo
437 2827 543 2905 debet,
564 2827 626 2893 nisi
651 2827 686 2892 in
712 2851 810 2894 cerusa
833 2828 905 2905 Dei,
927 2828 1217 2905 excommunicare,
1246 2850 1314 2895 eru·

262 2930 408 3014 pondere,
440 2930 638 3007 interdicere,
670 2931 725 2995 vel
762 2931 940 2996 secundum
970 2952 1201 3017 quamcimque
1239 2954 1311 2997 cen·

262 3054 369 3096 summ
394 3033 641 3098 ecclesiasticum
665 3033 861 3097 vindicando
882 3033 1060 3119 procedere

307 3132 404 3197 Petet
430 3155 471 3198 ex
497 3134 558 3198 hoc
582 3133 669 3218 quod
699 3157 794 3199 nemo
820 3134 919 3200 debet
944 3134 1124 3199 vindictum
1150 3139 1310 3221 expetere,

262 3234 325 3298 nisi
352 3235 387 3297 in
414 3258 510 3300 cetum
531 3235 695 3320 justitiae3
718 3237 823 3300 omnis
850 3258 947 3301 causa
968 3235 1111 3321 justitie
1136 3242 1189 3301 oet
1215 3257 1312 3301 cause

263 3335 334 3410 Dei,
363 3358 435 3400 cum
461 3337 529 3421 ipse
553 3339 597 3401 sit
623 3340 696 3403 fons
717 3339 859 3424 justitiae
871 3364 878 3418 ;
909 3360 985 3424 ergo
1011 3338 1179 3403 conclusio.
1227 3338 1312 3405 Cum

262 3436 363 3500 cnim²
383 3459 424 3501 ex
448 3444 578 3522 peccato
608 3441 790 3527 originatur
820 3442 924 3506 omnis
948 3440 1024 3504 tulis
1053 3440 1201 3525 punitio,'
1215 3463 1311 3506 omne

261 3559 340 3602 vero
362 3544 530 3624 peccatum
553 3542 597 3605 sit
627 3542 661 3605 in
696 3543 811 3619 Deum,
838 3541 939 3629 juxte
976 3542 1058 3606 illud
1093 3540 1217 3607 Psalmi
1260 3541 1310 3617 L?

264 3637 342 3703 Tibi-
372 3639 437 3703 coli
468 3641 613 3726 peccavi,
645 3648 738 3728 patet
769 3645 856 3728 quod
893 3664 996 3718 nemo,
1028 3643 1091 3707 nisi
1129 3643 1175 3709 od
1204 3643 1310 3709 vindi·

261 3740 397 3805 candam
421 3742 484 3806 Dei
506 3742 669 3828 iujuriam,
694 3745 792 3809 debet
813 3745 856 3809 ed
885 3744 1090 3830 punitionem
1112 3744 1215 3810 telem
1238 3768 1310 3831 pro

261 3842 379 3907 cedere.
426 3843 513 3908 Nom
538 3867 579 3909 cx
605 3845 670 3910 fide
693 3845 871 3932 Scripturae
890 3868 985 3910 nemo
1010 3846 1108 3911 debet
1125 3846 1307 3912 vindictum

261 3966 381 4030 cupere,
409 3946 471 4010 nisi
503 3947 680 4011 secundum
714 3948 876 4012 mtionem
909 3968 975 4032 qua
1005 3948 1046 4011 fit
1076 3946 1201 4032 injurio
1239 3946 1310 4015 Deo

260 4068 327 4122 suo,
351 4048 512 4113 rationem
543 4049 720 4134 personalis
750 4046 878 4134 injuriae
907 4049 1114 4125 remittendo,
1142 4056 1183 4115 ut
1216 4054 1309 4137 potet

260 4149 325 4213 on⁴
347 4156 509 4237 precepto
526 4147 648 4217 Christi
673 4151 752 4216 Mat.
776 4168 876 4216 xv111.
894 4155 945 4215 22.
991 4149 1034 4216 Si
1053 4152 1245 4236 peccaverit
1267 4151 1309 4218 in

259 4257 288 4316 tc
303 4251 417 4337 freter
439 4260 529 4332 tuuc,
554 4250 692 4319 dimitte
714 4252 748 4319 ci
770 4275 877 4339 oeque
900 4250 1109 4338 ceptuapice⁶
1130 4253 1262 4340 septica

256 4432 289 4439 -—
694 4428 921 4436 *κη-

292 4522 423 4587 'Perhaps
441 4520 536 4571 Homil.
555 4520 582 4569 in
599 4519 692 4574 Joann.
704 4534 758 4572 mr.
841 4522 947 4572 ’Pcnlm
958 4521 983 4572 li.
995 4527 1019 4571 4.

258 4602 322 4665 Opp.
335 4609 352 4650 t.
364 4613 424 4651 vm.
436 4615 460 4665 p.
472 4605 530 4661 ³20,
543 4612 567 4650 n.
837 4601 900 4667 ⁴c2]
913 4601 953 4663 dc,
966 4600 994 4652 C.

290 4683 300 4711 ²
311 4680 385 4745 enim]
399 4678 434 4742 in,
446 4679 480 4729 Λ.
835 4681 846 4711 ⁸
857 4678 1004 4746 πρωρέα]
1015 4678 1237 4751 mv.
1252 4682 1307 4737 ΤΜ

803 4759 928 4824 quotation
938 4759 961 4811 is
972 4767 1017 4811 not
1026 4768 1108 4813 met.
