3008 5490
553 749 732 801 sasmoum
755 749 977 801 zrzamoauu
1226 736 1290 803 263

219 935 353 1012 -uostn',
368 934 462 1022 eujus
476 959 497 1001 a
509 935 580 1001 Deo
594 942 802 1023 susceperuut
816 937 1095 1023 gubomationem,
1120 959 1162 1003 ex
1178 958 1288 1003 eorum
1301 948 1460 999 structiones

227 1034 364 1103 desidia
389 1037 532 1104 latenter
556 1039 698 1125 surrepit
723 1037 884 1124 perditio}
1300 1014 1343 1065 ²¹¹⁰
1357 1016 1440 1066 ruam

293 1138 444 1206 Dimitte
488 1139 568 1205 alias
612 1140 756 1206 rationes
802 1139 986 1226 palpabiles,
1035 1139 1123 1227 quod
1168 1139 1287 1206 exhinc
1300 1153 1402 1205 mardes

1234 1243 1241 1258 ·
1299 1221 1371 1271 other

230 1260 377 1329 mgnum
413 1247 562 1307 nostrum
608 1241 806 1307 sensibiliter
851 1242 1090 1328 depauperatur
1127 1264 1286 1329 peeuma·

1278 1294 1287 1323 ’
1299 1287 1414 1338 material

230 1342 326 1429 quod
351 1348 517 1431 pruetsxtu
541 1343 773 1409 subtractionis
799 1341 897 1428 hujus
919 1344 1064 1409 thesauri
1086 1345 1145 1430 qui
1167 1366 1446 1431 expon-reasopw

231 1442 372 1511 aerem
396 1444 433 1509 in
456 1444 587 1531 anglia,
614 1445 770 1510 decrescit
799 1444 960 1531 populus;
997 1447 1085 1533 quod
1115 1468 1157 1512 ex
1187 1447 1284 1532 hujus
1297 1419 1455 1535 {ffndffi'

230 1544 450 1623 abundantia,
466 1547 557 1613 euris
579 1546 740 1612 Romana²
761 1554 877 1612 contra
898 1547 1002 1633 legem
1026 1548 1150 1614 Christi
1171 1549 1285 1614 multis
1297 1552 1448 1614 populatas,

230 1654 441 1737 pomtsuum
471 1648 644 1736 generibus
683 1647 870 1729 insolescit3
907 1649 996 1734 quod
1030 1649 1138 1715 hostes
1175 1650 1284 1736 gentis
1297 1618 1405 1733 {fficsslg
1419 1684 1450 1733 of

230 1756 358 1817 παπ
372 1772 447 1816 oum
468 1751 606 1836 pecnnia
627 1751 720 1837 regni
735 1749 855 1815 nostri⁸
868 1750 903 1814 in
918 1750 1199 1828 continuationem
1217 1756 1283 1817 susa
1297 1748 1441 1815 foreigners.

229 1850 374 1919 molitio
399 1853 647 1932 eonfortuntur3
669 1857 704 1917 et
727 1852 815 1936 quod
837 1852 1023 1918 deridemur
1049 1873 1070 1915 a
1093 1851 1283 1931 forensibus,

229 1974 277 2021 ox
301 1953 433 2019 asinina
448 1959 561 2019 nostra
582 1953 735 2030 stultitia,
760 1975 826 2039 qua
847 1955 1004 2019 audemus
1020 1953 1056 2017 in
1076 1975 1173 2019 eausa
1190 1976 1284 2019 mun-

229 2054 323 2123 dana
348 2055 458 2121 hostes
480 2055 644 2131 invadere,
669 2056 725 2120 sed
752 2056 788 2120 in
817 2078 915 2121 osma
941 2055 1004 2121 Dei
1034 2078 1100 2120 non
1127 2056 1283 2121 audemus

227 2178 294 2245 pro
315 2157 433 2224 timore
455 2157 566 2223 servili
589 2157 809 2242 eleemosynas
831 2164 958 2222 nostras
980 2157 1023 2222 ab
1041 2158 1195 2245 indignis*
1209 2160 1284 2223 sub

227 2258 371 2325 trahere
418 2259 455 2324 Si
477 2259 565 2324 enim
588 2259 715 2324 adesset
737 2258 839 2336 nobis,
856 2260 965 2345 quoad
987 2257 1282 2336 illud,⁶see1mdum

229 2358 343 2425 Deum
359 2361 500 2447 prudens
515 2361 672 2439 audaeia;
695 2366 764 2425 tam
780 2359 923 2425 thesauri
940 2361 1040 2447 copia,
1057 2384 1156 2447 quam
1172 2384 1284 2427 seeun-

228 2462 314 2529 dum
345 2463 454 2528 Deum
483 2463 660 2548 prudentia
689 2463 838 2528 hostibus
868 2464 988 2527 nostris
1019 2464 1168 2529 timorem
1192 2464 1282 2530 incu-

227 2570 340 2631 teret:
377 2571 411 2630 et
447 2565 533 2630 forte
562 2565 652 2629 curia
690 2564 839 2628 Romana
868 2586 980 2650 paoem
1010 2565 1143 2630 celerius
1169 2588 1282 2651 procu-

226 2672 328 2733 raret
374 2666 474 2732 Modo
504 2667 636 2752 quidem
676 2666 784 2731 hostes
815 2666 927 2742 nostri,
959 2664 1131 2731 inhabiles⁰
1173 2669 1281 2751 quoad

227 2767 342 2835 Deum
367 2768 523 2847 homines,
551 2768 591 2832 de
614 2768 706 2853 regni
731 2768 942 2854 eleemosynis
966 2775 1218 2854 promoventur3
1248 2776 1282 2834 et

227 2868 285 2936 vel
315 2875 493 2956 procurant
523 2870 564 2934 ad
595 2876 698 2946 extra,
729 2869 782 2935 vel
809 2868 983 2955 explorant
1005 2871 1048 2935 ad
1074 2870 1170 2947 intra,
1202 2893 1281 2956 quo

227 2971 330 3037 modo
356 2972 512 3058 populum
539 2968 770 3057 Anglieanum⁷
797 2972 1279 3049 enervarent;oumst11dium

227 3095 343 3140 eorum
374 3095 440 3139 non
466 3073 511 3138 sit
539 3073 582 3136 ad
604 3072 853 3138 aedificationem
876 3073 995 3158 populi,
1020 3073 1077 3137 sed
1107 3080 1179 3138 tota
1205 3074 1280 3137 soli-

227 3176 344 3241 citudo
367 3198 405 3240 ao
431 3174 629 3260 imaginatio,
652 3196 709 3259 per
727 3196 800 3258 quae
823 3170 931 3238 m'edia
948 3173 1086 3238 subdola
1108 3174 1279 3240 thesaurus

227 3277 324 3363 regni
354 3276 513 3362 copiosius
543 3275 761 3340 subtrahatur.
819 3275 863 3338 Et
892 3274 999 3340 alerici
1025 3275 1133 3360 gentis
1158 3282 1279 3341 nostrae

227 3384 308 3444 sunt
327 3378 461 3464 indigne
483 3377 663 3463 postpositi,
680 3377 737 3462 qui
760 3376 937 3442 secundum
961 3376 1069 3441 Deum
1085 3383 1118 3441 et
1133 3377 1278 3442 homines

229 3479 388 3565 Angliam
411 3479 603 3544 stabilirent
643 3504 647 3511 ·

275 3582 329 3646 Ex
366 3581 438 3646 istis
476 3581 581 3645 trihus
618 3579 800 3644 rationibus
838 3579 943 3644 videri
981 3584 1089 3665 potest
1120 3580 1276 3645 catholieo
1291 3595 1345 3648 Our
1356 3610 1415 3649 oon*

229 3685 393 3771 quomodo
413 3684 466 3747 lex
490 3689 624 3757 natium,
646 3682 700 3746 lex
722 3681 907 3766 Scriptura,
932 3687 966 3746 et
988 3682 1042 3746 lex
1066 3662 1402 3782 conscientieffgffiifflssh

228 3792 365 3852 movent
402 3785 444 3849 ad
482 3807 647 3850 assensum
696 3784 909 3849 oonclusionis
951 3785 1057 3869 primo
1094 3748 1433 3870 propositapavla,1¹⁸

228 3887 413 3975 specialiter
439 3892 574 3972 pensata
604 3891 723 3950 natura
752 3885 832 3971 legis
863 3885 1007 3951 caritatis
1045 3892 1079 3950 et
1108 3887 1277 3972 patientiae

229 3989 356 4056 Christi
387 3989 507 4064 vicarii,
539 4011 576 4053 ao
607 3994 725 4052 natma
756 3987 836 4074 legis
866 3987 1078 4073 eleemosynas
1113 3988 1275 4052 laieorum.

227 4091 265 4158 Si
293 4093 380 4157 enirn
406 4090 480 4156 laici
507 4113 572 4155 non
599 4095 841 4175 extorquente
869 4112 954 4175 papa
986 4089 1176 4175 suffragium
1210 4091 1275 4175 spi-

1158 4290 1274 4298 --.-—-

262 4412 269 4446 ¹
279 4413 398 4481 perditio]
412 4413 527 4480 proditio,
541 4415 574 4464 A.
810 4411 902 4480 ⁵illal]
918 4415 990 4477 istud,
1002 4416 1035 4477 A,
1047 4415 1101 4467 first
1112 4416 1187 4467 hand.

260 4493 409 4560 ²llouurno]
423 4511 471 4544 om.
485 4495 518 4544 A.
810 4493 960 4559 ‘inhabilem
974 4511 1021 4544 om.
1034 4496 1069 4545 Λ.

261 4573 371 4639 ’καινῇ
385 4590 433 4623 our.
447 4575 482 4623 Α.
811 4575 819 4601 ¹
831 4572 1004 4639 Asplicasum]
1019 4573 1164 4639 Anglieum,
1176 4571 1210 4626 Vr

262 4651 401 4719 ‘initiam
414 4652 516 4712 extens,
527 4651 561 4704 A.
