3158 5490
327 672 391 736 408
634 683 816 747 ¹msereorr
838 686 1067 738 zrzmrosrna

431 1446 696 1516 Coa-crasmaro
721 1447 904 1513 wisaram
928 1447 1068 1514 Saarnr
1091 1464 1286 1514 nmamrcr.

159 1663 251 1731 sauny
371 1652 455 1730 an,
481 1651 664 1719 Willelmus
696 1653 847 1741 Sautrye,
873 1659 1035 1742 protestor
1059 1676 1112 1720 me
1148 1654 1241 1722 nolle
1275 1654 1382 1721 defen·

157 1735 295 1864 fflffiffgw
326 1755 401 1821 dere
427 1756 464 1820 in
487 1778 583 1821 sensu
610 1757 698 1833 falso,
727 1779 787 1823 nee
812 1758 892 1823 istas
915 1780 975 1823 nee
995 1757 1123 1843 aliquas
1147 1758 1381 1833 oonelusiones,

157 1865 207 1913 and
223 1867 313 1928 perlis·
325 1857 394 1925 sine
417 1858 591 1924 sufficienti
621 1859 864 1935 deliberatione,
895 1864 1029 1946 cogente
1067 1881 1122 1924 me
1152 1858 1380 1945 perseeutione

156 1934 301 2047 3⁶³¹}ssth
325 1964 360 2023 et
389 1962 606 2026 carceratione
636 1961 804 2026 violenta:
843 1961 1027 2049 supplicans
1065 1960 1241 2026 dominum
1273 1983 1380 2027 meum

156 2060 199 2136 3¹¹⁶
215 2063 311 2142 follow·
325 2082 444 2147 regern,
476 2084 588 2127 omnes
614 2063 747 2150 regales,
780 2068 814 2130 et
846 2068 955 2128 totum
985 2063 1254 2149 parliamentum,
1294 2062 1380 2150 quod

156 2138 299 2255 ilidii&
324 2185 455 2249 possum
481 2164 595 2232 venire
619 2166 661 2229 ad
682 2165 889 2231 manifestam
912 2165 1114 2231 audientiam
1142 2165 1272 2230 domini
1296 2165 1379 2251 regis

158 2262 229 2312 ¹⁸⁹9·
326 2270 361 2330 et
376 2265 478 2330 totius
493 2267 724 2353 parliamenti3
746 2268 790 2332 ad
810 2289 907 2354 quem
931 2273 966 2333 et
991 2267 1035 2332 ad
1050 2256 1151 2353 quam
1175 2268 1377 2334 audientiam

325 2391 385 2455 ego
408 2369 545 2456 appello,
571 2375 704 2458 propter
727 2370 866 2436 salutem
893 2375 927 2437 et
953 2392 1066 2456 paoem
1090 2370 1196 2436 totius
1219 2371 1325 2457 regni.

841 2607 866 2674 1.

155 2763 296 2823 Adoration
369 2755 539 2838 erantum
579 2755 622 2822 ad
662 2777 790 2822 erucem
830 2755 1030 2821 adorandam
1068 2755 1294 2841 interrogatus
1330 2751 1377 2818 fui

155 2836 234 2953 (ἐξὲξ
325 2857 442 2937 dicens,
475 2855 563 2947 quod
585 2858 676 2925 nolui
704 2881 831 2925 eruoem
866 2860 901 2923 in
925 2880 990 2944 qua
1014 2856 1168 2943 Christus
1190 2880 1308 2944 passus
1330 2862 1378 2922 est

324 2964 469 3040 adorare,
509 2964 565 3027 sed
597 2963 765 3029 Christum
804 2962 908 3027 solum
944 2982 1075 3048 passum
1114 2959 1151 3024 in
1182 2982 1299 3040 (πως
1332 2959 1377 3024 sie

323 3067 544 3152 intelligendo,
578 3067 665 3151 quod
703 3066 779 3130 nolo
813 3087 884 3130 eam
917 3065 1050 3129 adorare
1082 3060 1196 3150 prope¹
1231 3083 1376 3149 grooeam

322 3169 495 3234 materiam
541 3169 611 3254 ejus
657 3190 850 3255 corpoream.
907 3166 972 3231 Sed
1009 3166 1085 3230 volo
1124 3187 1198 3230 eam
1241 3166 1376 3230 adorare

321 3265 481 3359 tanquam
530 3271 716 3337 memoriale
763 3276 798 3337 et
843 3269 974 3357 signum
1021 3268 1266 3334 reeordativum
1306 3288 1376 3355 pss-

322 3375 422 3441 sionis
466 3374 599 3453 Christi,
649 3371 838 3439 adoratione
887 3371 1033 3451 vicaria;
1080 3371 1127 3435 sie
1164 3371 1257 3456 quod
1307 3376 1376 3435 tota

321 3479 468 3542 adoratio
492 3478 607 3542 tendat
629 3477 664 3541 in
689 3476 864 3542 Christum.

367 3578 536 3659 Quantum
568 3578 612 3644 ad
638 3578 760 3644 dietam
792 3600 919 3644 eruoem
953 3576 1032 3653 dieo,
1057 3574 1146 3663 quod
1168 3575 1248 3642 volo
1271 3576 1375 3664 magis

321 3683 457 3748 adorare
480 3681 696 3768 temporalem
718 3703 828 3768 regem
852 3703 951 3766 quam
974 3701 1100 3744 erucem
1123 3679 1270 3766 ligneam
1294 3702 1375 3767 prae·

321 3785 453 3865 dietam,
477 3790 638 3870 quantum
661 3784 704 3848 ad
731 3783 903 3850 materiam
924 3805 1068 3871 grossam
1092 3782 1128 3846 in
1150 3804 1193 3847 se.

821 4006 868 4076 11.

153 4173 292 4234 hdomrion
367 4156 452 4224 Item
493 4157 714 4246 interrogatus
753 4158 834 4238 dico,
870 4156 958 4244 quod
995 4154 1070 4231 nolo
1101 4155 1208 4244 magis
1239 4157 1374 4223 adorare

152 4248 182 4298 of
193 4250 272 4300 ΝΜ·
323 4282 458 4348 corpora
480 4266 665 4326 sanctorum
681 4283 780 4347 quam
796 4282 909 4325 veram
932 4282 1058 4325 erucem
1085 4260 1121 4324 in
1137 4282 1204 4346 qua
1220 4260 1375 4327 Christus

843 4464 1014 4470 .—.-—...--..-
1026 4464 1031 4469 .
1042 4463 1092 4470 .--.
1100 4463 1190 4471 ——-
1206 4464 1305 4473 -—-

694 4586 700 4617 ¹
709 4587 800 4653 propr]
814 4585 991 4651 propalatis.
