3008 5490
223 677 272 746 lvi
500 714 506 726 ·
622 693 889 745 mmonuenon.

224 871 325 938 forms
339 870 358 952 ;¹
383 871 470 949 such,
494 871 602 937 added
627 869 760 956 Wyelif,
790 891 845 935 are
869 869 927 936 the
951 870 1073 936 atomio
1099 872 1281 956 elements;

225 975 293 1041 and
318 975 479 1041 therefore
503 974 584 1059 they
614 995 671 1039 are
698 971 935 1060 imperishable.
982 972 1070 1038 That
1102 975 1181 1040 such
1210 998 1282 1042 was

224 1077 282 1143 the
304 1100 416 1143 course
437 1076 475 1142 of
495 1075 671 1162 reasoning
688 1075 735 1160 by
755 1073 864 1139 which
875 1073 916 1140 he
934 1076 1066 1141 arrived
1083 1081 1120 1141 at
1137 1076 1190 1142 his
1203 1100 1280 1144 oon-

226 1181 359 1257 elusion,
386 1181 415 1244 is
435 1178 594 1266 partially
617 1178 736 1244 indeed
759 1181 884 1242 matter
901 1177 939 1242 of
955 1178 1162 1263 conjecturo3
1186 1181 1280 1247 what

226 1282 254 1347 is
276 1283 401 1348 certain
429 1283 457 1346 is
483 1282 561 1348 that
584 1280 625 1346 he
651 1280 718 1345 had
739 1279 776 1344 in
800 1279 895 1355 view,
918 1279 1016 1345 when
1046 1281 1192 1370 writing‚
1222 1285 1280 1350 the

226 1385 380 1472 teas-hing
405 1384 489 1450 both
516 1384 555 1450 os
573 1384 741 1449 Grosteste
765 1382 832 1448 and
854 1381 1011 1468 Aquinas
1057 1383 1126 1449 The
1151 1386 1280 1472 subject

226 1488 254 1552 is
276 1488 314 1554 of
330 1487 492 1552 sufficient
513 1487 652 1552 interest
676 1490 712 1551 to
733 1484 857 1572 justify
878 1506 938 1550 our
959 1486 1075 1572 giving
1098 1487 1154 1552 the
1177 1487 1280 1554 heads

225 1590 264 1656 of
297 1589 354 1655 the
391 1611 526 1676 passage
558 1588 668 1654 where
706 1586 748 1655 he
786 1587 957 1673 expounds
993 1594 1079 1654 most
1113 1588 1198 1677 fully
1227 1591 1281 1658 his

226 1691 370 1778 peculinr
392 1692 539 1757 doctrine
552 1716 607 1756 :—

272 1803 290 1831 “
306 1794 434 1860 Habito
465 1794 552 1881 quod
582 1794 672 1858 Deus
698 1797 749 1858 est
770 1793 933 1858 oreativus
970 1797 1073 1859 restat
1104 1795 1215 1861 videre
1249 1799 1279 1863 si

226 1905 244 1933 “
259 1899 305 1962 sit
336 1897 602 1976 annihilativus3
640 1901 675 1961 et
700 1895 834 1961 videtur
863 1895 980 1960 multis
1018 1896 1107 1982 quod
1144 1920 1203 1984 por
1232 1901 1278 1965 sit

227 2010 245 2036 “
260 2000 346 2066 ratio
368 1999 552 2085 utrobique,
578 1998 656 2085 quia
678 1998 814 2083 aequalis
837 1997 1019 2077 distantia;
1043 1999 1099 2064 sed
1122 2000 1212 2066 Deus
1236 2002 1277 2069 de

228 2109 245 2138 “
261 2102 346 2167 facto
369 2101 493 2166 creavit
515 2101 684 2176 muudum,
707 2100 812 2186 igitur
834 2105 883 2165 est
905 2099 1150 2167 annihilativus

273 2215 289 2241 “
306 2204 529 2271 Confirmntur
551 2203 605 2268 sia
652 2201 794 2267 Facilius
820 2209 870 2268 est
894 2202 1059 2268 destruere
1081 2226 1180 2291 quam
1203 2229 1278 2271 oon-

228 2317 246 2345 “
260 2315 409 2387 struere3
448 2307 539 2372 Deus
569 2304 672 2392 igitur
708 2303 838 2392 potens*
872 2304 908 2370 in
953 2305 1059 2391 majus
1101 2312 1211 2393 potest
1241 2311 1279 2376 in

228 2420 246 2449 “
261 2411 378 2478 minus.

271 2521 289 2550 “
306 2512 454 2579 Secundo
487 2510 700 2577 confirmatur
732 2531 775 2575 ex
811 2531 851 2576 eo
889 2510 977 2596 quod
1014 2510 1109 2576 aliter
1145 2513 1278 2580 videtur

227 2626 246 2652 “
261 2616 410 2703 derogari
441 2613 598 2702 potentiss
624 2613 765 2691 Divinae,
788 2617 828 2678 ut
854 2617 946 2699 patet
975 2635 1018 2678 ex
1047 2614 1160 2680 multis
1186 2617 1277 2683 dam-

226 2719 451 2786 “nationibus
472 2715 673 2804 passionum³
694 2715 887 2802 negantium
910 2715 1160 2802 possibilitatem
1183 2721 1278 2785 anni-

229 2830 246 2858 “
261 2823 437 2899 hilationis,
460 2826 495 2887 et
517 2820 682 2887 communi
704 2818 892 2884 testimonio
913 2818 1120 2904 loquentium
1150 2821 1278 2888 moder-

229 2933 248 2963 “
264 2947 390 3006 norum,
408 2925 466 3012 qui
491 2946 602 2990 omnes
622 2924 738 2989 dicunt
760 2921 963 2988 coneorditer
985 2923 1072 3008 quod
1093 2923 1182 2990 Deus
1208 2948 1277 2993 non

229 3033 346 3094 “esset
366 3029 480 3115 plenus
500 3027 651 3093 dominus
672 3029 828 3093 creaturae
850 3024 916 3089 nisi
936 3024 1041 3110 ipsam
1056 3027 1158 3112 possit
1181 3031 1279 3094 anni·

229 3140 246 3166 ‘³
261 3132 385 3210 hilare3
407 3131 508 3195 immo
530 3150 650 3215 negare
672 3151 693 3193 a
723 3128 795 3192 Deo
825 3126 1077 3215 possibilitatem
1114 3130 1277 3198 annihila·

228 3233 361 3298 “tionis
384 3237 468 3296 esset
490 3231 605 3295 tollere
628 3230 698 3316 ejus
721 3229 1000 3316 omnipotentiam.

283 3333 425 3399 “Tertio
448 3333 661 3398 confirmatur
691 3333 730 3397 de
760 3331 866 3409 faot03
900 3353 977 3396 nam
1007 3331 1139 3398 videtur
1160 3336 1276 3403 multis

227 3445 244 3473 “
260 3438 348 3524 quod
368 3435 506 3501 materia
526 3436 631 3522 prima
656 3434 762 3499 divisa
788 3435 824 3499 in
848 3440 975 3501 atomos
997 3435 1179 3521 recipiendo
1201 3462 1276 3526 per-

228 3551 244 3576 “
260 3537 423 3606 tinenter⁴
460 3537 598 3603 formam
636 3535 886 3603 substantialem
914 3537 957 3603 sit
994 3537 1197 3619 annihilata3
1240 3550 1275 3609 et

226 3643 344 3709 “illud
364 3642 497 3710 videtur
519 3641 559 3706 de
582 3641 705 3706 lumine
729 3646 788 3705 aut
810 3640 916 3725 specie
942 3641 979 3704 in
1000 3640 1118 3719 medio,
1141 3648 1175 3707 et
1205 3645 1278 3710 evi·

228 3754 245 3782 “
261 3746 392 3811 dentius
423 3744 463 3808 de
489 3743 599 3830 gratia
632 3742 668 3806 in
698 3744 809 3807 anima
839 3748 913 3828 post
941 3742 1120 3807 adventum
1150 3749 1274 3830 peceati

228 3853 419 3933 “corrupta
467 3845 582 3911 Gratia
612 3846 708 3924 enim,
734 3867 807 3911 cum
838 3845 881 3911 sit
911 3865 962 3910 res
986 3844 1136 3910 absoluta
1157 3853 1275 3932 potens

229 4061 472 4070 ψᾙ-
497 4064 540 4069 -v—
553 4064 564 4067 ...
572 4063 659 4069 —---
687 4066 691 4070 .
704 4063 826 4071 ——-
838 4063 1116 4070 .—.>.-——---v·-.—-
1128 4064 1175 4071 ψ
1204 4067 1216 4070 -
1226 4067 1273 4075 ...-

259 4205 395 4255 ¹'l'bomas
424 4204 547 4270 Aquinas,
576 4202 681 4254 Summe
709 4220 729 4254 1.
774 4203 896 4269 Aquinas'
922 4205 1054 4271 ressoning
1079 4221 1138 4272 may
1160 4214 1205 4257 not
1232 4208 1274 4258 the

224 4302 266 4351 qu.
290 4290 330 4345 75,
352 4292 397 4334 ars
421 4291 444 4335 6.
487 4281 670 4347 “Impossibile
692 4291 729 4332 est
772 4284 820 4333 less
831 4283 895 4335 hare
907 4286 1038 4350 suggested
1049 4283 1096 4336 his.

225 4370 240 4392 ⁸·
258 4364 324 4428 quod
350 4362 432 4412 forms
464 4362 599 4412 subsistens
632 4361 729 4412 desinm
805 4362 928 4429 ’potens]
941 4370 1077 4427 potentens

225 4448 240 4471 “
257 4442 334 4492 esse.”
367 4441 397 4489 ln
414 4440 457 4492 the
476 4439 605 4492 definitior
621 4440 651 4490 of
665 4441 726 4490 such
806 4441 981 4508 ’mhnunj
991 4442 1211 4506 readpositiounm.

226 4521 303 4570 forms
325 4520 358 4570 ho
380 4520 470 4580 would,
491 4519 522 4569 os
539 4534 635 4578 course,
663 4519 727 4572 have
804 4545 988 4612 smum]
1007 4508 1070 4622 pul,
1082 4547 1138 4600 ΜΒ.
1172 4549 1274 4600 Am

225 4599 330 4653 dinemo
348 4600 440 4665 uterly
459 4600 525 4650 stom
545 4598 659 4665 luy-elis,
683 4600 728 4650 but
770 4624 1110 4694 ceminlyaffloemffin&
