3158 5490
307 691 373 754 428
619 704 798 757 rascmom
821 701 1048 756 amaricatur.

306 890 425 976 saepius
449 891 590 956 comedit
620 912 734 957 carnes
762 890 974 977 temporibus,
999 895 1034 955 et
1062 888 1186 957 diebus
1211 892 1371 980 proximis

306 991 541 1077 suprascriptis,
566 999 605 1058 ut
627 993 767 1060 assensit
784 991 987 1078 judicialiter
1007 991 1144 1058 ibidem.

782 1200 895 1267 XXII.

140 1354 249 1406 obserc-
351 1334 437 1401 Item
468 1336 530 1402 tibi
569 1337 714 1416 dicimus,
754 1338 924 1424 objicimus
961 1343 996 1404 et
1032 1339 1263 1419 articuiamur,
1294 1348 1366 1429 post

139 1422 241 1537 {ms
306 1444 340 1502 et
377 1444 491 1505 contra
529 1446 622 1505 tuam
660 1442 850 1528 praedictam
887 1439 1138 1525 abjurationem,
1179 1444 1219 1509 in
1257 1450 1369 1511 nostra

138 1505 272 1604 ..uait
306 1541 445 1617 asaei,
476 1549 515 1607 tu
545 1543 691 1619 armai,
733 1542 910 1619 affirmati,
941 1542 1098 1629 asans
1141 1550 1177 1608 e
1214 1544 1362 1620 aaran

138 1619 221 1669 Μ’·
307 1645 394 1728 quod
418 1643 533 1708 diebus
557 1643 745 1720 Dominicis,
772 1651 807 1709 et
832 1644 905 1708 aliis
927 1642 1054 1709 festivis
1080 1646 1292 1733 temporibus
1314 1648 1363 1711 in·

308 1745 403 1810 dictis
426 1767 483 1831 per
496 1746 670 1823 ecclesiam,
688 1746 813 1811 licitum
829 1752 879 1810 est
901 1745 1052 1810 fidelibus
1067 1768 1213 1833 operare,
1230 1754 1267 1814 et
1280 1771 1363 1835 quae·

307 1868 434 1932 cunque
465 1868 563 1934 opera
601 1847 779 1935 corporalia
816 1847 928 1925 facere,
960 1853 995 1912 et
1032 1869 1192 1925 mernere,
1234 1857 1365 1937 praeter*

308 1969 406 2032 quam
423 1969 520 2034 opera
544 1949 682 2023 servilia,
709 1971 783 2035 quae
807 1957 937 2036 peccata
963 1948 1033 2013 sive
1058 1950 1145 2015 vitia
1171 1951 1245 2017 fore
1269 1974 1362 2039 expo

307 2049 412 2123 suisti,
437 2056 471 2113 ct
495 2050 561 2114 tuis
584 2051 790 2117 auditoribus
812 2050 991 2115 declarasti.

354 2148 461 2214 Istum
499 2152 674 2218 articulum
704 2151 861 2239 praefatus
894 2150 1084 2216 willelmus
1123 2151 1254 2239 Whyte
1290 2160 1362 2241 post

308 2250 548 2336 abjurationem
573 2277 666 2319 suam
691 2254 880 2341 praedictam
906 2254 1023 2329 tenuit,
1051 2253 1241 2334 affirmavit,
1268 2257 1361 2342 scrip

307 2353 352 2418 sit
382 2361 416 2419 et
447 2355 565 2432 docuit,
597 2362 694 2443 prout
725 2357 863 2443 ipsemet
896 2354 1071 2429 fatebatur,
1104 2362 1139 2421 et
1171 2358 1358 2446 recognovit

302 2455 505 2539 judicialiter
527 2463 606 2523 tunc
628 2458 758 2523 ibidem.

777 2668 910 2734 XXIII.

141 2821 237 2878 Titne.
354 2802 440 2869 Item
471 2804 535 2868 tibi
565 2804 710 2881 dicimus,
743 2803 914 2888 objicimus
943 2808 978 2867 et
1015 2802 1237 2879 articulamur‚
1274 2801 1360 2889 quod

308 2912 382 2991 post
408 2910 442 2972 ct
467 2912 580 2971 contra
594 2911 686 2970 tuam
711 2905 902 2992 praedictam
926 2902 1175 2988 abjumtionem,
1192 2905 1230 2969 in
1251 2910 1361 2971 nostra

310 3006 447 3083 dioecesi,
480 3012 519 3071 tu
549 3006 693 3082 tenuisti,
733 3004 913 3084 affirmasti,
945 3006 1101 3092 scripsisti
1140 3009 1175 3070 et
1211 3005 1358 3081 domumi,

309 3109 396 3195 quod
421 3109 554 3175 decimae
580 3115 658 3174 sunt
688 3132 708 3172 a
738 3108 861 3174 clericis
888 3113 922 3173 et
948 3107 1088 3173 ecclesiis
1118 3106 1360 3186 subtrahendis,

309 3211 388 3275 dum
413 3218 524 3275 tamen
554 3211 615 3276 hoc
645 3210 823 3297 prudenter
846 3210 913 3288 fiat,
942 3232 1000 3296 pro
1031 3231 1070 3275 eo
1100 3208 1190 3295 quod
1221 3209 1363 3275 decima-

311 3333 384 3377 rum
419 3313 539 3379 solutio
563 3313 709 3378 cessabat
735 3313 769 3377 in
796 3311 944 3399 passione
972 3310 1104 3383 Christi,
1136 3333 1157 3375 a
1188 3333 1257 3397 quo
1280 3320 1361 3377 tem·

310 3436 394 3501 porc,
412 3422 451 3480 ut
473 3415 596 3492 usseris,
622 3415 789 3501 usquead
813 3413 1004 3502 Gregorium
1028 3413 1199 3490 decimum,
1224 3412 1363 3501 populus

307 3516 383 3580 solis
410 3518 606 3603 pauperibus
633 3517 733 3582 libere
760 3517 951 3596 decimabat,
977 3523 1011 3581 et
1037 3521 1117 3581 tunc
1143 3516 1241 3602 pauci
1268 3520 1363 3580 erant

307 3618 455 3694 mendici,
484 3625 517 3683 et
552 3640 617 3684 non
643 3619 771 3695 mirum,
800 3619 879 3704 quia
908 3625 1052 3705 tempore
1079 3617 1136 3681 ilio
1164 3639 1232 3682 non
1269 3622 1362 3682 emnt

307 3719 363 3783 isti
395 3724 535 3805 quatuor
561 3720 690 3785 ordines
714 3720 970 3799 mendicantium
993 3719 1171 3805 spoliantes
1192 3718 1360 3805 populum,

306 3822 391 3886 sicut
406 3821 509 3886 ruodo.

351 3923 459 3989 Isturu
486 3924 660 3989 articulum
688 3924 793 3989 dictus
822 3917 1001 3988 Willeimus
1029 3920 1153 4007 Whytc
1185 3921 1360 3997 fatebatur,

307 4026 342 4091 ct
367 4021 555 4112 recognovit
576 4018 778 4109 judicialiter
801 4047 836 4090 se
862 4016 1012 4097 tenuisse,
1041 4023 1228 4100 affirmasse,
1263 4024 1363 4110 scrip·

306 4128 383 4192 sisse
407 4134 440 4192 et
463 4128 659 4213 purificasse,
685 4133 758 4214 post
780 4125 1020 4210 abjurationem
1042 4147 1143 4191 suam.

769 4336 894 4401 XXIV.

139 4476 293 4559 cilicenses
352 4476 438 4541 Item
470 4474 534 4539 tibi
566 4474 714 4552 dicimis,
745 4473 916 4558 objicimus
947 4477 981 4535 ct
1011 4471 1234 4547 articulamur,
1274 4468 1364 4558 quod

138 4549 281 4614 ΜΨ·
307 4585 380 4664 post
422 4583 455 4641 ct
492 4576 606 4643 coritra
643 4582 735 4641 tuam
782 4575 972 4661 pucdictum
1004 4573 1273 4669 abjurationem,
1327 4583 1364 4641 tu
