3158 5490
307 671 371 735 366
617 679 795 732 rsscrcoar
817 679 1042 734 amarorum

306 876 341 936 ct
384 868 524 934 ahenum
569 874 767 935 secretarum
812 869 1066 934 conventionum
1117 871 1162 936 ad
1211 870 1363 938 mortalia

306 977 443 1059 peccata

352 1074 421 1159 ipsi
451 1074 572 1149 dicunt,
613 1075 700 1160 quod
737 1080 815 1139 sunt
853 1073 1065 1138 commissarii
1097 1074 1163 1140 Dei
1195 1076 1241 1141 ad
1275 1076 1361 1162 judi·

307 1177 446 1242 candum
473 1177 513 1240 de
540 1176 628 1241 omni
658 1183 810 1264 peceat03
833 1173 892 1241 ad¹
920 1176 1171 1262 perdonandam
1204 1183 1241 1244 et
1270 1200 1362 1243 mun-

307 1279 450 1343 dandum
466 1299 691 1364 quemcunque
707 1279 754 1343 eis
768 1278 932 1365 placuerit
978 1278 1112 1353 Dicunt,
1129 1280 1224 1364 quod
1239 1280 1360 1346 habent

306 1381 413 1445 claves
442 1380 517 1446 coeli
557 1386 591 1444 et
621 1381 749 1458 inferni,
781 1386 815 1445 et
844 1386 981 1466 possunt
1010 1383 1299 1448 excommunicare
1326 1390 1360 1448 et

305 1482 502 1558 benedicere,
526 1481 628 1569 ligare
651 1489 684 1547 et
707 1482 840 1558 solvere,
864 1482 907 1546 ad
930 1481 1138 1548 voluntatem
1161 1505 1303 1550 eorum:
1324 1485 1358 1550 iu

306 1590 445 1659 tantum,
485 1585 573 1670 quod
609 1607 668 1672 pro
705 1584 845 1649 bussello
875 1584 927 1648 vel
967 1600 1027 1648 ΧΠ.
1059 1584 1205 1650 denariis
1243 1586 1360 1653 volunt

306 1689 447 1752 vendere
469 1687 728 1751 benedictionem
751 1686 824 1751 ooeli
847 1705 905 1771 per
926 1692 1057 1759 cartam
1082 1693 1116 1752 et
1136 1686 1301 1754 clausam¹
1320 1689 1358 1754 de

307 1790 470 1856 warentia
491 1787 686 1875 sigillatam³
708 1789 814 1875 sigillo
836 1786 1008 1854 communi.

353 1892 424 1956 Ista
453 1891 614 1956 conclusio
644 1890 690 1956 sic
727 1897 777 1956 eet
814 1889 850 1954 in
887 1912 956 1967 usu,
996 1890 1085 1974 quod
1122 1911 1193 1957 non
1232 1890 1358 1980 indiget

308 1993 501 2079 probatione
527 1993 645 2078 aliqua

355 2093 568 2159 Oorellarium
606 2101 656 2160 est
687 2096 775 2181 quod
798 2116 884 2181 papa
908 2093 1075 2158 Romanus
1106 2093 1167 2181 qui
1193 2094 1297 2162 finxit
1324 2118 1356 2162 ee

307 2195 411 2261 altum
455 2195 746 2262 thesaurizarium⁴
783 2197 885 2261 totius
925 2196 1073 2273 ecclesiae,
1112 2196 1241 2262 babens
1279 2198 1357 2264 illud

308 2298 443 2383 dignum
461 2297 567 2382 jocale
589 2299 747 2385 passionis
763 2297 887 2364 Christi
909 2299 944 2362 in
959 2296 1116 2375 custodia,
1132 2320 1210 2364 cum
1232 2300 1357 2366 meritis

308 2399 454 2465 omnium
477 2407 664 2467 sanctorum
686 2401 723 2465 in
745 2400 835 2476 coelo,
851 2422 910 2487 per
924 2400 1012 2486 quod
1036 2400 1094 2464 dat
1116 2399 1231 2466 fictam
1253 2402 1358 2468 indul·

307 2502 452 2588 gentiam
478 2525 499 2566 a
527 2524 626 2589 poena
656 2509 690 2568 et
719 2499 758 2568 a⁶
788 2503 890 2589 culpa
923 2507 973 2567 est
1002 2500 1189 2566 oomllnrius
1219 2504 1358 2590 scriptam

307 2605 449 2669 maxime
480 2611 575 2670 extra
598 2605 774 2680 caritatem,
791 2626 833 2669 ex
854 2626 919 2690 quo
942 2609 1051 2689 potest
1080 2602 1222 2669 liberam
1248 2627 1358 2671 ornnes

306 2706 502 2792 prisonarios
560 2707 738 2772 existentes
790 2707 825 2771 in
872 2702 1013 2771 infemo⁶
1056 2707 1100 2770 ad
1148 2707 1357 2773 voluntatem

306 2832 420 2885 siram3
451 2814 485 2875 et
515 2807 612 2894 ipsos⁷
636 2809 739 2874 facere
769 2831 938 2894 nunquam
968 2808 1080 2873 venire
1111 2807 1246 2874 ibidem
1293 2809 1357 2875 Sed

305 2909 370 2974 hic⁸
392 2911 531 2995 quilibet
550 2911 655 2976 fidelis
675 2910 871 2976 christianus
894 2917 1003 2997 potest
1025 2911 1108 2975 bene
1133 2911 1249 2976 videm
1271 2913 1358 2998 quod

306 3013 410 3079 multa
434 3018 557 3078 secreta
579 3013 703 3079 falsitas
725 3012 915 3080 abscondita
940 3020 990 3077 est
1017 3013 1050 3076 iu
1078 3012 1214 3078 ecclesia
1237 3021 1354 3080 nostra.

806 3214 846 3279 X.

139 3342 249 3410 Agdmt
352 3343 447 3423 Quod
474 3341 684 3408 homicidium
710 3364 768 3429 per
790 3341 912 3407 bellum
939 3342 992 3406 vel
1022 3346 1221 3427 praetensam
1253 3342 1356 3430 legem

138 3413 253 3539 {gfff
301 3445 441 3531 justitiae
465 3466 523 3530 pro
549 3444 723 3531 temporali
746 3466 849 3519 causa,
867 3442 936 3508 sine
958 3442 1122 3530 spirituali
1145 3444 1355 3523 revelatione,

138 3543 242 3606 punish·
307 3552 356 3610 est
371 3567 520 3631 expresse
543 3547 706 3611 contraria
729 3546 827 3611 Novo
851 3546 1059 3611 Testamento
1071 3569 1080 3625 ;
1104 3546 1195 3631 quod
1222 3548 1356 3634 quidem

136 3616 212 3659 mem*
306 3653 356 3712 est
381 3648 435 3712 lex
459 3648 572 3734 gratim
600 3654 634 3713 et
660 3648 758 3734 plena
783 3648 1083 3713 misericordiarum.

350 3748 421 3814 Ista
446 3750 608 3815 conclusio
633 3755 683 3815 est
709 3757 821 3836 aperte
848 3750 986 3836 probata
1009 3772 1068 3837 per
1091 3750 1246 3837 exempla
1274 3773 1357 3838 prae-

305 3847 489 3919 dicatioaisl
519 3850 645 3918 Christi
674 3851 728 3917 hic
758 3852 793 3917 in
824 3858 938 3932 terra3
972 3853 1029 3938 qui
1059 3852 1207 3918 maxime
1246 3854 1357 3920 docuit

334 4216 400 4281 1αεὶ]
414 4231 463 4267 om.
475 4216 555 4267 Wilk.
886 4218 937 4284 ἀ]
953 4232 1001 4268 om
1014 4217 1047 4276 G,
1056 4216 1135 4269 wilk.

334 4296 344 4325 ²
354 4293 475 4359 clausam]
489 4295 633 4355 clausulam,
645 4294 724 4346 wille
884 4298 894 4325 ⁸
906 4296 1013 4362 inferno]
1027 4296 1079 4355 illo,
1090 4294 1125 4357 A,
1135 4294 1169 4346 G.

333 4371 495 4438 'sicilicum
509 4373 623 4438 sigillata,
634 4374 713 4424 With.
886 4375 986 4441 ἰ’ρωε]
1000 4375 1089 4439 ipsum,
1102 4375 1137 4436 Α,
1151 4374 1184 4427 G.

333 4453 342 4480 ⁴
347 4451 670 4519 finxit-thesaurizarium]
696 4453 800 4517 tingitru·
885 4454 958 4520 ⁸hir]
972 4454 1017 4515 eie,
1029 4453 1108 4505 wilk.

299 4531 377 4580 altum
395 4530 609 4588 thesaurizarium,
626 4531 671 4591 (h
697 4532 800 4598 fingitur
884 4536 894 4563 ⁹
902 4532 1095 4598 predicationis]
1109 4532 1260 4597 punicionia,
1274 4536 1306 4595 A,
1315 4534 1347 4585 0.

300 4609 363 4660 altus
375 4608 576 4671 thesaurizarius,
588 4610 667 4661 wilk.
