<?xml version="1.0" encoding="UTF-8"?>
<!DOCTYPE html PUBLIC "-//W3C//DTD XHTML 1.0 Transitional//EN"
    "http://www.w3.org/TR/xhtml1/DTD/xhtml1-transitional.dtd">
<html xmlns="http://www.w3.org/1999/xhtml" xml:lang="en" lang="en">
 <head>
  <title>
</title>
<meta http-equiv="Content-Type" content="text/html;charset=utf-8" />
  <meta name='ocr-system' content='tesseract 3.04.00' />
  <meta name='ocr-capabilities' content='ocr_page ocr_carea ocr_par ocr_line ocrx_word'/>
</head>
<body>
  <div class='ocr_page' id='page_1' title='image "./fasciculizizani00nettgoog_0171.png"; bbox 0 0 3008 5490; ppageno 0'>
   <div class='ocr_carea' id='block_1_1' title="bbox 230 719 967 787">
    <p class='ocr_par' dir='ltr' id='par_1_1' title="bbox 230 719 967 787">
     <span class='ocr_line' id='line_1_1' title="bbox 230 719 967 787; baseline -0.005 -4"><span class='ocrx_word' id='word_1_1' title='bbox 230 719 274 787; x_wconf 85' lang='grc'><strong>70</strong></span> <span class='ocrx_word' id='word_1_2' title='bbox 543 728 723 779; x_wconf 78' lang='lat' dir='ltr'><strong>rsscucum</strong></span> <span class='ocrx_word' id='word_1_3' title='bbox 743 726 967 779; x_wconf 71' lang='lat' dir='ltr'><strong>murreum</strong></span> 
     </span>
    </p>
   </div>
   <div class='ocr_carea' id='block_1_2' title="bbox 273 912 1281 1001">
    <p class='ocr_par' dir='ltr' id='par_1_2' title="bbox 273 912 1281 1001">
     <span class='ocr_line' id='line_1_2' title="bbox 273 912 1281 1001; baseline 0 -20"><span class='ocrx_word' id='word_1_4' title='bbox 273 917 437 981; x_wconf 70' lang='lat' dir='ltr'><strong>Pnetaa</strong></span> <span class='ocrx_word' id='word_1_5' title='bbox 464 937 525 1001; x_wconf 88' lang='lat' dir='ltr'><strong>ego</strong></span> <span class='ocrx_word' id='word_1_6' title='bbox 550 915 698 981; x_wconf 82' lang='lat' dir='ltr'><strong>sumita</strong></span> <span class='ocrx_word' id='word_1_7' title='bbox 721 918 828 979; x_wconf 83' lang='lat' dir='ltr'><strong>certus</strong></span> <span class='ocrx_word' id='word_1_8' title='bbox 853 914 895 979; x_wconf 88' lang='lat' dir='ltr'><strong>de</strong></span> <span class='ocrx_word' id='word_1_9' title='bbox 919 913 986 979; x_wconf 85' lang='lat' dir='ltr'><strong>ista</strong></span> <span class='ocrx_word' id='word_1_10' title='bbox 1009 912 1226 979; x_wconf 83' lang='lat' dir='ltr'><strong>conditionali</strong></span> <span class='ocrx_word' id='word_1_11' title='bbox 1246 918 1281 981; x_wconf 86' lang='lat' dir='ltr'><strong>ct</strong></span> 
     </span>
    </p>
   </div>
   <div class='ocr_carea' id='block_1_3' title="bbox 52 1015 1281 4341">
    <p class='ocr_par' dir='ltr' id='par_1_3' title="bbox 52 1015 1281 4341">
     <span class='ocr_line' id='line_1_3' title="bbox 228 1015 1280 1103; baseline -0.002 -20"><span class='ocrx_word' id='word_1_12' title='bbox 228 1019 269 1084; x_wconf 89' lang='lat' dir='ltr'><strong>de</strong></span> <span class='ocrx_word' id='word_1_13' title='bbox 294 1019 435 1083; x_wconf 84' lang='lat' dir='ltr'><strong>veritate</strong></span> <span class='ocrx_word' id='word_1_14' title='bbox 457 1016 553 1095; x_wconf 86' lang='lat' dir='ltr'><strong>illius,</strong></span> <span class='ocrx_word' id='word_1_15' title='bbox 577 1016 615 1081; x_wconf 88' lang='lat' dir='ltr'><strong>Si</strong></span> <span class='ocrx_word' id='word_1_16' title='bbox 637 1015 791 1081; x_wconf 88' lang='lat' dir='ltr'><strong>haberem</strong></span> <span class='ocrx_word' id='word_1_17' title='bbox 813 1015 954 1101; x_wconf 84' lang='lat' dir='ltr'><strong>gratiam</strong></span> <span class='ocrx_word' id='word_1_18' title='bbox 977 1015 1019 1080; x_wconf 88' lang='lat' dir='ltr'><strong>de</strong></span> <span class='ocrx_word' id='word_1_19' title='bbox 1040 1015 1206 1091; x_wconf 64' lang='lat' dir='ltr'><strong>cenando,</strong></span> <span class='ocrx_word' id='word_1_20' title='bbox 1221 1036 1280 1103; x_wconf 80' lang='lat' dir='ltr'><strong>ego</strong></span> 
     </span>
     <span class='ocr_line' id='line_1_4' title="bbox 226 1115 1279 1206; baseline -0.002 -23"><span class='ocrx_word' id='word_1_21' title='bbox 226 1121 400 1206; x_wconf 77' lang='lat' dir='ltr'>gauderem</span> <span class='ocrx_word' id='word_1_22' title='bbox 412 1143 421 1199; x_wconf 92' lang='lat'>;</span> <span class='ocrx_word' id='word_1_23' title='bbox 443 1119 528 1183; x_wconf 84' lang='lat' dir='ltr'><strong>sieut</strong></span> <span class='ocrx_word' id='word_1_24' title='bbox 556 1139 631 1182; x_wconf 88' lang='lat' dir='ltr'><strong>sum</strong></span> <span class='ocrx_word' id='word_1_25' title='bbox 660 1118 701 1183; x_wconf 90' lang='lat' dir='ltr'><strong>de</strong></span> <span class='ocrx_word' id='word_1_26' title='bbox 729 1117 871 1183; x_wconf 80' lang='lat' dir='ltr'><strong>veritate</strong></span> <span class='ocrx_word' id='word_1_27' title='bbox 906 1115 1004 1181; x_wconf 87' lang='lat' dir='ltr'><strong>istius</strong></span> <span class='ocrx_word' id='word_1_28' title='bbox 1040 1115 1279 1202; x_wconf 59' lang='lat' dir='ltr'><strong>propositionis</strong></span> 
     </span>
     <span class='ocr_line' id='line_1_5' title="bbox 226 1217 1281 1308; baseline -0.001 -22"><span class='ocrx_word' id='word_1_29' title='bbox 226 1222 298 1308; x_wconf 84' lang='lat' dir='ltr'><strong>Ego</strong></span> <span class='ocrx_word' id='word_1_30' title='bbox 319 1222 439 1299; x_wconf 84' lang='lat' dir='ltr'><strong>sedeo;</strong></span> <span class='ocrx_word' id='word_1_31' title='bbox 464 1224 624 1285; x_wconf 84' lang='lat' dir='ltr'><strong>ettamen</strong></span> <span class='ocrx_word' id='word_1_32' title='bbox 638 1220 705 1285; x_wconf 90' lang='lat' dir='ltr'><strong>scio</strong></span> <span class='ocrx_word' id='word_1_33' title='bbox 719 1219 808 1304; x_wconf 92' lang='lat' dir='ltr'><strong>quod</strong></span> <span class='ocrx_word' id='word_1_34' title='bbox 830 1239 899 1284; x_wconf 92' lang='lat' dir='ltr'><strong>non</strong></span> <span class='ocrx_word' id='word_1_35' title='bbox 911 1217 1062 1303; x_wconf 87' lang='lat' dir='ltr'><strong>sequitur</strong></span> <span class='ocrx_word' id='word_1_36' title='bbox 1082 1238 1281 1304; x_wconf 83' lang='lat' dir='ltr'><strong>consequen·</strong></span> 
     </span>
     <span class='ocr_line' id='line_1_6' title="bbox 224 1318 1279 1406; baseline -0.006 -18"><span class='ocrx_word' id='word_1_37' title='bbox 224 1323 357 1397; x_wconf 87' lang='lat' dir='ltr'><strong>tialiter,</strong></span> <span class='ocrx_word' id='word_1_38' title='bbox 386 1322 488 1387; x_wconf 91' lang='lat' dir='ltr'><strong>immo</strong></span> <span class='ocrx_word' id='word_1_39' title='bbox 517 1343 560 1386; x_wconf 84' lang='lat' dir='ltr'><strong>ex</strong></span> <span class='ocrx_word' id='word_1_40' title='bbox 589 1321 685 1385; x_wconf 89' lang='lat' dir='ltr'><strong>dictis</strong></span> <span class='ocrx_word' id='word_1_41' title='bbox 723 1319 875 1406; x_wconf 76' lang='lat' dir='ltr'><strong>Magistri</strong></span> <span class='ocrx_word' id='word_1_42' title='bbox 910 1319 977 1385; x_wconf 91' lang='lat' dir='ltr'><strong>mei</strong></span> <span class='ocrx_word' id='word_1_43' title='bbox 1005 1319 1141 1383; x_wconf 89' lang='lat' dir='ltr'><strong>videtur</strong></span> <span class='ocrx_word' id='word_1_44' title='bbox 1176 1318 1279 1405; x_wconf 86' lang='lat' dir='ltr'><strong>sequi,</strong></span> 
     </span>
     <span class='ocr_line' id='line_1_7' title="bbox 224 1420 1279 1509; baseline 0.003 -22"><span class='ocrx_word' id='word_1_45' title='bbox 224 1425 313 1509; x_wconf 91' lang='lat' dir='ltr'><strong>quod</strong></span> <span class='ocrx_word' id='word_1_46' title='bbox 342 1445 409 1489; x_wconf 92' lang='lat' dir='ltr'><strong>non</strong></span> <span class='ocrx_word' id='word_1_47' title='bbox 438 1422 544 1488; x_wconf 91' lang='lat' dir='ltr'><strong>omnis</strong></span> <span class='ocrx_word' id='word_1_48' title='bbox 574 1421 801 1486; x_wconf 86' lang='lat' dir='ltr'><strong>conditionalis</strong></span> <span class='ocrx_word' id='word_1_49' title='bbox 836 1442 916 1485; x_wconf 86' lang='lat' dir='ltr'><strong>vera</strong></span> <span class='ocrx_word' id='word_1_50' title='bbox 952 1424 1003 1485; x_wconf 89' lang='lat' dir='ltr'><strong>cst</strong></span> <span class='ocrx_word' id='word_1_51' title='bbox 1038 1420 1279 1506; x_wconf 63' lang='lat' dir='ltr'><strong>consequentia</strong></span> 
     </span>
     <span class='ocr_line' id='line_1_8' title="bbox 224 1520 1276 1612; baseline -0.004 -23"><span class='ocrx_word' id='word_1_52' title='bbox 224 1525 313 1590; x_wconf 88' lang='lat' dir='ltr'><strong>Nam</strong></span> <span class='ocrx_word' id='word_1_53' title='bbox 328 1526 496 1611; x_wconf 83' lang='lat' dir='ltr'><strong>arguendo</strong></span> <span class='ocrx_word' id='word_1_54' title='bbox 510 1524 546 1587; x_wconf 90' lang='lat' dir='ltr'><strong>in</strong></span> <span class='ocrx_word' id='word_1_55' title='bbox 560 1523 698 1587; x_wconf 84' lang='lat' dir='ltr'><strong>materia</strong></span> <span class='ocrx_word' id='word_1_56' title='bbox 719 1523 867 1608; x_wconf 87' lang='lat' dir='ltr'><strong>superius</strong></span> <span class='ocrx_word' id='word_1_57' title='bbox 891 1521 979 1587; x_wconf 81' lang='lat' dir='ltr'><strong>facta</strong></span> <span class='ocrx_word' id='word_1_58' title='bbox 1005 1520 1087 1612; x_wconf 77' lang='lat' dir='ltr'><strong>dicit</strong></span> <span class='ocrx_word' id='word_1_59' title='bbox 1110 1520 1276 1609; x_wconf 80' lang='lat' dir='ltr'><strong>Magister,</strong></span> 
     </span>
     <span class='ocr_line' id='line_1_9' title="bbox 224 1621 1278 1713; baseline -0.003 -21"><span class='ocrx_word' id='word_1_60' title='bbox 224 1629 312 1712; x_wconf 90' lang='lat' dir='ltr'><strong>quod</strong></span> <span class='ocrx_word' id='word_1_61' title='bbox 341 1627 370 1691; x_wconf 93' lang='lat' dir='ltr'><strong>si</strong></span> <span class='ocrx_word' id='word_1_62' title='bbox 399 1648 459 1713; x_wconf 89' lang='lat' dir='ltr'><strong>ego</strong></span> <span class='ocrx_word' id='word_1_63' title='bbox 489 1624 773 1710; x_wconf 66' lang='lat' dir='ltr'><strong>circumspicerem,</strong></span> <span class='ocrx_word' id='word_1_64' title='bbox 803 1644 956 1709; x_wconf 76' lang='lat' dir='ltr'>negarem</span> <span class='ocrx_word' id='word_1_65' title='bbox 984 1621 1132 1707; x_wconf 84' lang='lat' dir='ltr'><strong>aliquam</strong></span> <span class='ocrx_word' id='word_1_66' title='bbox 1160 1645 1278 1711; x_wconf 91' lang='lat' dir='ltr'><strong>propo·</strong></span> 
     </span>
     <span class='ocr_line' id='line_1_10' title="bbox 222 1725 1280 1813; baseline 0 -20"><span class='ocrx_word' id='word_1_67' title='bbox 222 1729 375 1793; x_wconf 90' lang='lat' dir='ltr'><strong>sitionem</strong></span> <span class='ocrx_word' id='word_1_68' title='bbox 401 1750 501 1813; x_wconf 87' lang='lat' dir='ltr'><strong>quam</strong></span> <span class='ocrx_word' id='word_1_69' title='bbox 522 1726 546 1791; x_wconf 85' lang='lat' dir='ltr'>J</span> <span class='ocrx_word' id='word_1_70' title='bbox 547 1726 681 1791; x_wconf 88' lang='lat' dir='ltr'><strong>eremias</strong></span> <span class='ocrx_word' id='word_1_71' title='bbox 702 1725 841 1790; x_wconf 80' lang='lat' dir='ltr'><strong>asseruit</strong></span> <span class='ocrx_word' id='word_1_72' title='bbox 863 1745 931 1789; x_wconf 89' lang='lat' dir='ltr'><strong>esse</strong></span> <span class='ocrx_word' id='word_1_73' title='bbox 951 1744 1087 1803; x_wconf 81' lang='lat' dir='ltr'><strong>veram3</strong></span> <span class='ocrx_word' id='word_1_74' title='bbox 1110 1730 1146 1789; x_wconf 92' lang='lat' dir='ltr'><strong>et</strong></span> <span class='ocrx_word' id='word_1_75' title='bbox 1166 1730 1280 1793; x_wconf 69' lang='lat' dir='ltr'><strong>amm</strong></span> 
     </span>
     <span class='ocr_line' id='line_1_11' title="bbox 222 1826 1279 1913; baseline -0.006 -18"><span class='ocrx_word' id='word_1_76' title='bbox 222 1837 348 1895; x_wconf 89' lang='lat' dir='ltr'><strong>certum</strong></span> <span class='ocrx_word' id='word_1_77' title='bbox 372 1836 423 1895; x_wconf 87' lang='lat' dir='ltr'><strong>est</strong></span> <span class='ocrx_word' id='word_1_78' title='bbox 448 1829 537 1913; x_wconf 92' lang='lat' dir='ltr'><strong>quod</strong></span> <span class='ocrx_word' id='word_1_79' title='bbox 561 1828 590 1892; x_wconf 92' lang='lat' dir='ltr'><strong>si</strong></span> <span class='ocrx_word' id='word_1_80' title='bbox 612 1828 696 1891; x_wconf 88' lang='lat' dir='ltr'><strong>bene</strong></span> <span class='ocrx_word' id='word_1_81' title='bbox 717 1826 1000 1911; x_wconf 77' lang='lat' dir='ltr'><strong>circumspicerem,</strong></span> <span class='ocrx_word' id='word_1_82' title='bbox 1014 1831 1104 1891; x_wconf 89' lang='lat' dir='ltr'><strong>recte</strong></span> <span class='ocrx_word' id='word_1_83' title='bbox 1124 1848 1279 1913; x_wconf 84' lang='lat' dir='ltr'><strong>negarem</strong></span> 
     </span>
     <span class='ocr_line' id='line_1_12' title="bbox 222 1927 1279 2017; baseline 0.001 -23"><span class='ocrx_word' id='word_1_84' title='bbox 222 1933 250 1994; x_wconf 92' lang='lat' dir='ltr'><strong>si</strong></span> <span class='ocrx_word' id='word_1_85' title='bbox 264 1932 377 2017; x_wconf 87' lang='lat' dir='ltr'><strong>aliqua</strong></span> <span class='ocrx_word' id='word_1_86' title='bbox 397 1928 575 2014; x_wconf 76' lang='lat' dir='ltr'><strong>propositio</strong></span> <span class='ocrx_word' id='word_1_87' title='bbox 597 1950 696 2013; x_wconf 86' lang='lat' dir='ltr'><strong>quam</strong></span> <span class='ocrx_word' id='word_1_88' title='bbox 722 1927 746 1992; x_wconf 87' lang='lat' dir='ltr'><strong>J</strong></span> <span class='ocrx_word' id='word_1_89' title='bbox 747 1929 882 1993; x_wconf 87' lang='lat' dir='ltr'><strong>eremias</strong></span> <span class='ocrx_word' id='word_1_90' title='bbox 907 1927 1046 1993; x_wconf 79' lang='lat' dir='ltr'><strong>asseruit</strong></span> <span class='ocrx_word' id='word_1_91' title='bbox 1071 1934 1158 1993; x_wconf 87' lang='lat' dir='ltr'><strong>esset</strong></span> <span class='ocrx_word' id='word_1_92' title='bbox 1179 1949 1279 2008; x_wconf 60' lang='lat' dir='ltr'><strong>vern</strong></span> 
     </span>
     <span class='ocr_line' id='line_1_13' title="bbox 222 2028 1280 2116; baseline 0 -21"><span class='ocrx_word' id='word_1_93' title='bbox 222 2052 298 2116; x_wconf 91' lang='lat' dir='ltr'><strong>ergo</strong></span> <span class='ocrx_word' id='word_1_94' title='bbox 321 2033 570 2114; x_wconf 78' lang='lat' dir='ltr'><strong>circumspectus</strong></span> <span class='ocrx_word' id='word_1_95' title='bbox 595 2029 788 2114; x_wconf 73' lang='lat' dir='ltr'><strong>responsalis</strong></span> <span class='ocrx_word' id='word_1_96' title='bbox 811 2029 932 2094; x_wconf 87' lang='lat' dir='ltr'><strong>diceret</strong></span> <span class='ocrx_word' id='word_1_97' title='bbox 954 2029 1043 2114; x_wconf 91' lang='lat' dir='ltr'><strong>quod</strong></span> <span class='ocrx_word' id='word_1_98' title='bbox 1057 2028 1149 2093; x_wconf 83' lang='lat' dir='ltr'><strong>nulla</strong></span> <span class='ocrx_word' id='word_1_99' title='bbox 1161 2050 1280 2115; x_wconf 87' lang='lat' dir='ltr'><strong>propo·</strong></span> 
     </span>
     <span class='ocr_line' id='line_1_14' title="bbox 221 2128 1279 2217; baseline 0.001 -21"><span class='ocrx_word' id='word_1_100' title='bbox 221 2132 298 2196; x_wconf 88' lang='lat' dir='ltr'><strong>sitio</strong></span> <span class='ocrx_word' id='word_1_101' title='bbox 313 2153 412 2217; x_wconf 90' lang='lat' dir='ltr'><strong>quam</strong></span> <span class='ocrx_word' id='word_1_102' title='bbox 427 2129 451 2194; x_wconf 85' lang='lat' dir='ltr'>J</span> <span class='ocrx_word' id='word_1_103' title='bbox 452 2131 587 2194; x_wconf 88' lang='lat' dir='ltr'><strong>eremias</strong></span> <span class='ocrx_word' id='word_1_104' title='bbox 601 2128 916 2207; x_wconf 70' lang='lat' dir='ltr'><strong>assemitoetve1a¹</strong></span> <span class='ocrx_word' id='word_1_105' title='bbox 934 2136 969 2196; x_wconf 90' lang='lat' dir='ltr'><strong>et</strong></span> <span class='ocrx_word' id='word_1_106' title='bbox 983 2129 1075 2194; x_wconf 84' lang='lat' dir='ltr'><strong>nulla</strong></span> <span class='ocrx_word' id='word_1_107' title='bbox 1099 2131 1279 2215; x_wconf 76' lang='lat' dir='ltr'><strong>propositio</strong></span> 
     </span>
     <span class='ocr_line' id='line_1_15' title="bbox 222 2230 1278 2316; baseline 0 -19"><span class='ocrx_word' id='word_1_108' title='bbox 222 2253 321 2316; x_wconf 86' lang='lat' dir='ltr'><strong>quam</strong></span> <span class='ocrx_word' id='word_1_109' title='bbox 336 2231 360 2295; x_wconf 85' lang='lat' dir='ltr'><strong>J</strong></span> <span class='ocrx_word' id='word_1_110' title='bbox 361 2231 497 2295; x_wconf 89' lang='lat' dir='ltr'><strong>eremias</strong></span> <span class='ocrx_word' id='word_1_111' title='bbox 516 2231 654 2295; x_wconf 79' lang='lat' dir='ltr'><strong>assenrit</strong></span> <span class='ocrx_word' id='word_1_112' title='bbox 674 2231 739 2296; x_wconf 88' lang='lat' dir='ltr'><strong>fuit</strong></span> <span class='ocrx_word' id='word_1_113' title='bbox 759 2253 838 2296; x_wconf 84' lang='lat' dir='ltr'><strong>vera</strong></span> <span class='ocrx_word' id='word_1_114' title='bbox 859 2231 1036 2297; x_wconf 87' lang='lat' dir='ltr'><strong>secundum</strong></span> <span class='ocrx_word' id='word_1_115' title='bbox 1060 2230 1278 2316; x_wconf 70' lang='lat' dir='ltr'><strong>Magistrum</strong></span> 
     </span>
     <span class='ocr_line' id='line_1_16' title="bbox 221 2331 1279 2421; baseline 0.002 -22"><span class='ocrx_word' id='word_1_116' title='bbox 221 2355 298 2421; x_wconf 87' lang='lat' dir='ltr'><strong>ergo</strong></span> <span class='ocrx_word' id='word_1_117' title='bbox 335 2331 621 2417; x_wconf 88' lang='lat' dir='ltr'><strong>circumspiciendo</strong></span> <span class='ocrx_word' id='word_1_118' title='bbox 657 2337 752 2408; x_wconf 84' lang='lat' dir='ltr'><strong>recte,</strong></span> <span class='ocrx_word' id='word_1_119' title='bbox 791 2354 859 2398; x_wconf 91' lang='lat' dir='ltr'><strong>non</strong></span> <span class='ocrx_word' id='word_1_120' title='bbox 889 2331 954 2396; x_wconf 84' lang='lat' dir='ltr'><strong>fuit</strong></span> <span class='ocrx_word' id='word_1_121' title='bbox 991 2352 1105 2395; x_wconf 89' lang='lat' dir='ltr'><strong>verum</strong></span> <span class='ocrx_word' id='word_1_122' title='bbox 1140 2331 1279 2417; x_wconf 85' lang='lat' dir='ltr'><strong>aliquod</strong></span> 
     </span>
     <span class='ocr_line' id='line_1_17' title="bbox 221 2432 1276 2517; baseline -0.002 -18"><span class='ocrx_word' id='word_1_123' title='bbox 221 2436 346 2499; x_wconf 89' lang='lat' dir='ltr'><strong>dictum</strong></span> <span class='ocrx_word' id='word_1_124' title='bbox 360 2432 521 2509; x_wconf 80' lang='lat' dir='ltr'><strong>Jeremioe,</strong></span> <span class='ocrx_word' id='word_1_125' title='bbox 538 2438 572 2497; x_wconf 89' lang='lat' dir='ltr'><strong>et</strong></span> <span class='ocrx_word' id='word_1_126' title='bbox 596 2433 646 2497; x_wconf 90' lang='lat' dir='ltr'><strong>ita</strong></span> <span class='ocrx_word' id='word_1_127' title='bbox 668 2433 696 2497; x_wconf 91' lang='lat' dir='ltr'><strong>si</strong></span> <span class='ocrx_word' id='word_1_128' title='bbox 719 2432 947 2499; x_wconf 86' lang='lat' dir='ltr'><strong>conditionalis</strong></span> <span class='ocrx_word' id='word_1_129' title='bbox 968 2432 1013 2496; x_wconf 90' lang='lat' dir='ltr'><strong>sit</strong></span> <span class='ocrx_word' id='word_1_130' title='bbox 1035 2434 1276 2517; x_wconf 84' lang='lat' dir='ltr'><strong>consequentia,</strong></span> 
     </span>
     <span class='ocr_line' id='line_1_18' title="bbox 223 2533 1277 2623; baseline 0.003 -25"><span class='ocrx_word' id='word_1_131' title='bbox 223 2535 382 2623; x_wconf 72' lang='lat' dir='ltr'><strong>Magister</strong></span> <span class='ocrx_word' id='word_1_132' title='bbox 395 2556 487 2600; x_wconf 88' lang='lat' dir='ltr'><strong>meus</strong></span> <span class='ocrx_word' id='word_1_133' title='bbox 500 2538 600 2620; x_wconf 86' lang='lat' dir='ltr'><strong>negat</strong></span> <span class='ocrx_word' id='word_1_134' title='bbox 615 2533 639 2598; x_wconf 87' lang='lat' dir='ltr'><strong>J</strong></span> <span class='ocrx_word' id='word_1_135' title='bbox 640 2535 793 2599; x_wconf 77' lang='lat' dir='ltr'><strong>eremium</strong></span> <span class='ocrx_word' id='word_1_136' title='bbox 816 2534 914 2599; x_wconf 80' lang='lat' dir='ltr'><strong>firisse</strong></span> <span class='ocrx_word' id='word_1_137' title='bbox 937 2555 1053 2599; x_wconf 89' lang='lat' dir='ltr'><strong>verum</strong></span> <span class='ocrx_word' id='word_1_138' title='bbox 1076 2533 1277 2620; x_wconf 83' lang='lat' dir='ltr'><strong>prophetam</strong></span> 
     </span>
     <span class='ocr_line' id='line_1_19' title="bbox 222 2634 1277 2725; baseline 0 -24"><span class='ocrx_word' id='word_1_139' title='bbox 222 2636 296 2703; x_wconf 91' lang='lat' dir='ltr'><strong>Hoc</strong></span> <span class='ocrx_word' id='word_1_140' title='bbox 325 2642 437 2703; x_wconf 79' lang='lat' dir='ltr'><strong>autem</strong></span> <span class='ocrx_word' id='word_1_141' title='bbox 465 2658 533 2702; x_wconf 91' lang='lat' dir='ltr'><strong>non</strong></span> <span class='ocrx_word' id='word_1_142' title='bbox 562 2637 657 2701; x_wconf 89' lang='lat' dir='ltr'><strong>credo</strong></span> <span class='ocrx_word' id='word_1_143' title='bbox 686 2657 761 2700; x_wconf 89' lang='lat' dir='ltr'><strong>eum</strong></span> <span class='ocrx_word' id='word_1_144' title='bbox 787 2636 913 2700; x_wconf 78' lang='lat' dir='ltr'><strong>sentire</strong></span> <span class='ocrx_word' id='word_1_145' title='bbox 959 2634 1174 2719; x_wconf 74' lang='lat' dir='ltr'><strong>Relinquitur</strong></span> <span class='ocrx_word' id='word_1_146' title='bbox 1201 2659 1277 2725; x_wconf 87' lang='lat' dir='ltr'><strong>ergo</strong></span> 
     </span>
     <span class='ocr_line' id='line_1_20' title="bbox 221 2736 1277 2825; baseline 0.001 -21"><span class='ocrx_word' id='word_1_147' title='bbox 221 2741 310 2825; x_wconf 89' lang='lat' dir='ltr'><strong>quod</strong></span> <span class='ocrx_word' id='word_1_148' title='bbox 334 2739 449 2804; x_wconf 77' lang='lat' dir='ltr'><strong>mirltae</strong></span> <span class='ocrx_word' id='word_1_149' title='bbox 472 2744 550 2803; x_wconf 90' lang='lat' dir='ltr'><strong>sunt</strong></span> <span class='ocrx_word' id='word_1_150' title='bbox 574 2736 807 2802; x_wconf 72' lang='lat' dir='ltr'><strong>conditionales</strong></span> <span class='ocrx_word' id='word_1_151' title='bbox 831 2758 925 2812; x_wconf 75' lang='lat' dir='ltr'><strong>verae,</strong></span> <span class='ocrx_word' id='word_1_152' title='bbox 949 2757 1024 2821; x_wconf 84' lang='lat' dir='ltr'><strong>quae</strong></span> <span class='ocrx_word' id='word_1_153' title='bbox 1047 2743 1128 2801; x_wconf 90' lang='lat' dir='ltr'><strong>sunt</strong></span> <span class='ocrx_word' id='word_1_154' title='bbox 1151 2738 1277 2805; x_wconf 86' lang='lat' dir='ltr'><strong>contin-</strong></span> 
     </span>
     <span class='ocr_line' id='line_1_21' title="bbox 221 2840 694 2927; baseline 0 -23"><span class='ocrx_word' id='word_1_155' title='bbox 221 2848 335 2927; x_wconf 79' lang='lat' dir='ltr'><strong>gentes</strong></span> <span class='ocrx_word' id='word_1_156' title='bbox 356 2848 391 2906; x_wconf 87' lang='lat' dir='ltr'><strong>et</strong></span> <span class='ocrx_word' id='word_1_157' title='bbox 413 2862 480 2905; x_wconf 91' lang='lat' dir='ltr'><strong>non</strong></span> <span class='ocrx_word' id='word_1_158' title='bbox 500 2840 694 2905; x_wconf 70' lang='lat' dir='ltr'><strong>necessariae.</strong></span> 
     </span>
     <span class='ocr_line' id='line_1_22' title="bbox 53 2937 1278 3027; baseline 0.006 -29"><span class='ocrx_word' id='word_1_159' title='bbox 53 2950 209 3000; x_wconf 76' lang='lat' dir='ltr'><strong>lnhisthiru</strong></span> <span class='ocrx_word' id='word_1_160' title='bbox 267 2943 333 3005; x_wconf 93' lang='grc' dir='ltr'><strong>ΙΙΙ.</strong></span> <span class='ocrx_word' id='word_1_161' title='bbox 357 2942 468 3007; x_wconf 87' lang='lat' dir='ltr'><strong>Tertio</strong></span> <span class='ocrx_word' id='word_1_162' title='bbox 490 2942 599 3027; x_wconf 86' lang='lat' dir='ltr'><strong>arguit</strong></span> <span class='ocrx_word' id='word_1_163' title='bbox 622 2940 744 3005; x_wconf 88' lang='lat' dir='ltr'><strong>Doctor</strong></span> <span class='ocrx_word' id='word_1_164' title='bbox 765 2944 878 3003; x_wconf 88' lang='lat' dir='ltr'><strong>contra</strong></span> <span class='ocrx_word' id='word_1_165' title='bbox 896 2959 956 3014; x_wconf 89' lang='lat' dir='ltr'><strong>me,</strong></span> <span class='ocrx_word' id='word_1_166' title='bbox 972 2937 1178 3004; x_wconf 74' lang='lat' dir='ltr'><strong>strictissime</strong></span> <span class='ocrx_word' id='word_1_167' title='bbox 1192 2940 1278 3027; x_wconf 92' lang='lat' dir='ltr'><strong>capi-</strong></span> 
     </span>
     <span class='ocr_line' id='line_1_23' title="bbox 53 3017 1277 3132; baseline 0 -25"><span class='ocrx_word' id='word_1_168' title='bbox 53 3017 177 3132; x_wconf 53' lang='lat' dir='ltr'><strong>ppjeemtion</strong></span> <span class='ocrx_word' id='word_1_169' title='bbox 222 3046 305 3109; x_wconf 81' lang='lat' dir='ltr'><strong>endo</strong></span> <span class='ocrx_word' id='word_1_170' title='bbox 334 3044 435 3109; x_wconf 68' lang='lat' dir='ltr'><strong>rerba</strong></span> <span class='ocrx_word' id='word_1_171' title='bbox 464 3065 543 3107; x_wconf 85' lang='lat' dir='ltr'><strong>mea</strong></span> <span class='ocrx_word' id='word_1_172' title='bbox 590 3042 678 3106; x_wconf 85' lang='lat' dir='ltr'><strong>Nam</strong></span> <span class='ocrx_word' id='word_1_173' title='bbox 705 3040 774 3105; x_wconf 82' lang='lat' dir='ltr'><strong>dixi</strong></span> <span class='ocrx_word' id='word_1_174' title='bbox 793 3041 880 3124; x_wconf 87' lang='lat' dir='ltr'><strong>quod</strong></span> <span class='ocrx_word' id='word_1_175' title='bbox 905 3040 1074 3104; x_wconf 78' lang='lat' dir='ltr'><strong>credebam</strong></span> <span class='ocrx_word' id='word_1_176' title='bbox 1101 3041 1277 3107; x_wconf 89' lang='lat' dir='ltr'><strong>Doctorem</strong></span> 
     </span>
     <span class='ocr_line' id='line_1_24' title="bbox 52 3141 1275 3228; baseline 0.002 -22"><span class='ocrx_word' id='word_1_177' title='bbox 52 3149 127 3197; x_wconf 75' lang='lat' dir='ltr'><strong>taken</strong></span> <span class='ocrx_word' id='word_1_178' title='bbox 138 3164 182 3213; x_wconf 75' lang='lat' dir='ltr'><strong>my</strong></span> <span class='ocrx_word' id='word_1_179' title='bbox 223 3146 286 3209; x_wconf 84' lang='lat' dir='ltr'><strong>niti</strong></span> <span class='ocrx_word' id='word_1_180' title='bbox 259 3146 461 3209; x_wconf 85' lang='lat' dir='ltr'><strong>tomnibus</strong></span> <span class='ocrx_word' id='word_1_181' title='bbox 485 3144 589 3208; x_wconf 85' lang='lat' dir='ltr'><strong>modis</strong></span> <span class='ocrx_word' id='word_1_182' title='bbox 612 3150 651 3206; x_wconf 90' lang='lat' dir='ltr'><strong>ut</strong></span> <span class='ocrx_word' id='word_1_183' title='bbox 673 3143 813 3205; x_wconf 86' lang='lat' dir='ltr'><strong>salvaret</strong></span> <span class='ocrx_word' id='word_1_184' title='bbox 834 3141 1037 3228; x_wconf 84' lang='lat' dir='ltr'><strong>Scnpturam</strong></span> <span class='ocrx_word' id='word_1_185' title='bbox 1057 3143 1147 3206; x_wconf 91' lang='lat' dir='ltr'><strong>de</strong></span> <span class='ocrx_word' id='word_1_186' title='bbox 1114 3166 1150 3206; x_wconf 83' lang='lat' dir='ltr'><strong>vr</strong></span> <span class='ocrx_word' id='word_1_187' title='bbox 1166 3144 1275 3223; x_wconf 86' lang='lat' dir='ltr'><strong>vocis3</strong></span> 
     </span>
     <span class='ocr_line' id='line_1_25' title="bbox 52 3215 1277 3328; baseline 0.002 -21"><span class='ocrx_word' id='word_1_188' title='bbox 52 3215 187 3328; x_wconf 45' lang='lat' dir='ltr'><strong>iiiiii-⁰⁰</strong></span> <span class='ocrx_word' id='word_1_189' title='bbox 223 3247 290 3328; x_wconf 90' lang='lat' dir='ltr'><strong>ipse</strong></span> <span class='ocrx_word' id='word_1_190' title='bbox 314 3251 424 3307; x_wconf 86' lang='lat' dir='ltr'><strong>autem</strong></span> <span class='ocrx_word' id='word_1_191' title='bbox 445 3241 497 3325; x_wconf 90' lang='lat' dir='ltr'><strong>obj</strong></span> <span class='ocrx_word' id='word_1_192' title='bbox 501 3243 558 3305; x_wconf 83' lang='lat' dir='ltr'><strong>icit</strong></span> <span class='ocrx_word' id='word_1_193' title='bbox 582 3244 701 3325; x_wconf 90' lang='lat' dir='ltr'><strong>quod</strong></span> <span class='ocrx_word' id='word_1_194' title='bbox 692 3265 760 3327; x_wconf 73' lang='lat' dir='ltr'><strong>lpse</strong></span> <span class='ocrx_word' id='word_1_195' title='bbox 782 3265 848 3307; x_wconf 91' lang='lat' dir='ltr'><strong>non</strong></span> <span class='ocrx_word' id='word_1_196' title='bbox 868 3243 974 3306; x_wconf 87' lang='lat' dir='ltr'><strong>salvat</strong></span> <span class='ocrx_word' id='word_1_197' title='bbox 990 3242 1204 3327; x_wconf 81' lang='lat' dir='ltr'><strong>Scripturam,</strong></span> <span class='ocrx_word' id='word_1_198' title='bbox 1220 3245 1277 3310; x_wconf 85' lang='lat' dir='ltr'><strong>sed</strong></span> 
     </span>
     <span class='ocr_line' id='line_1_26' title="bbox 222 3343 1276 3428; baseline 0.005 -22"><span class='ocrx_word' id='word_1_199' title='bbox 222 3345 311 3407; x_wconf 85' lang='lat' dir='ltr'><strong>Deus</strong></span> <span class='ocrx_word' id='word_1_200' title='bbox 342 3343 447 3404; x_wconf 84' lang='lat' dir='ltr'><strong>salvat</strong></span> <span class='ocrx_word' id='word_1_201' title='bbox 477 3363 573 3415; x_wconf 80' lang='lat' dir='ltr'><strong>eam3</strong></span> <span class='ocrx_word' id='word_1_202' title='bbox 612 3348 646 3404; x_wconf 87' lang='lat' dir='ltr'><strong>et</strong></span> <span class='ocrx_word' id='word_1_203' title='bbox 676 3343 827 3408; x_wconf 86' lang='lat' dir='ltr'><strong>similiter</strong></span> <span class='ocrx_word' id='word_1_204' title='bbox 856 3344 943 3428; x_wconf 88' lang='lat' dir='ltr'><strong>quod</strong></span> <span class='ocrx_word' id='word_1_205' title='bbox 979 3344 1118 3409; x_wconf 89' lang='lat' dir='ltr'><strong>includit</strong></span> <span class='ocrx_word' id='word_1_206' title='bbox 1149 3354 1276 3411; x_wconf 85' lang='lat' dir='ltr'><strong>eontra·</strong></span> 
     </span>
     <span class='ocr_line' id='line_1_27' title="bbox 220 3442 1275 3533; baseline 0.006 -26"><span class='ocrx_word' id='word_1_207' title='bbox 220 3443 296 3507; x_wconf 83' lang='lat' dir='ltr'><strong>diet&#39;</strong></span> <span class='ocrx_word' id='word_1_208' title='bbox 284 3463 403 3510; x_wconf 73' lang='lat' dir='ltr'><strong>sonem,</strong></span> <span class='ocrx_word' id='word_1_209' title='bbox 421 3442 526 3524; x_wconf 90' lang='lat' dir='ltr'><strong>ipsum</strong></span> <span class='ocrx_word' id='word_1_210' title='bbox 550 3442 612 3504; x_wconf 87' lang='lat' dir='ltr'><strong>niti</strong></span> <span class='ocrx_word' id='word_1_211' title='bbox 640 3444 791 3508; x_wconf 87' lang='lat' dir='ltr'><strong>omnibus</strong></span> <span class='ocrx_word' id='word_1_212' title='bbox 814 3446 918 3509; x_wconf 88' lang='lat' dir='ltr'><strong>modis</strong></span> <span class='ocrx_word' id='word_1_213' title='bbox 935 3445 978 3508; x_wconf 90' lang='lat' dir='ltr'><strong>ad</strong></span> <span class='ocrx_word' id='word_1_214' title='bbox 1000 3444 1100 3509; x_wconf 87' lang='lat' dir='ltr'><strong>finem</strong></span> <span class='ocrx_word' id='word_1_215' title='bbox 1123 3447 1275 3533; x_wconf 78' lang='lat' dir='ltr'><strong>aliquem.</strong></span> 
     </span>
     <span class='ocr_line' id='line_1_28' title="bbox 219 3542 1274 3633; baseline 0.006 -26"><span class='ocrx_word' id='word_1_216' title='bbox 219 3544 255 3608; x_wconf 87' lang='lat' dir='ltr'><strong>Si</strong></span> <span class='ocrx_word' id='word_1_217' title='bbox 271 3565 330 3628; x_wconf 84' lang='lat' dir='ltr'><strong>ego</strong></span> <span class='ocrx_word' id='word_1_218' title='bbox 346 3543 390 3605; x_wconf 87' lang='lat' dir='ltr'><strong>sic</strong></span> <span class='ocrx_word' id='word_1_219' title='bbox 406 3542 589 3625; x_wconf 80' lang='lat' dir='ltr'><strong>arguebam,</strong></span> <span class='ocrx_word' id='word_1_220' title='bbox 606 3543 745 3608; x_wconf 84' lang='lat' dir='ltr'><strong>faciliter</strong></span> <span class='ocrx_word' id='word_1_221' title='bbox 762 3547 841 3609; x_wconf 87' lang='lat' dir='ltr'><strong>mihi</strong></span> <span class='ocrx_word' id='word_1_222' title='bbox 857 3547 1078 3631; x_wconf 84' lang='lat' dir='ltr'><strong>imponeretur</strong></span> <span class='ocrx_word' id='word_1_223' title='bbox 1100 3549 1274 3633; x_wconf 85' lang='lat' dir='ltr'><strong>sophisma,</strong></span> 
     </span>
     <span class='ocr_line' id='line_1_29' title="bbox 216 3643 1276 3737; baseline 0.008 -29"><span class='ocrx_word' id='word_1_224' title='bbox 216 3652 443 3709; x_wconf 76' lang='lat' dir='ltr'><strong>verumtamen</strong></span> <span class='ocrx_word' id='word_1_225' title='bbox 473 3643 501 3705; x_wconf 92' lang='lat' dir='ltr'><strong>si</strong></span> <span class='ocrx_word' id='word_1_226' title='bbox 532 3643 567 3706; x_wconf 93' lang='lat' dir='ltr'><strong>in</strong></span> <span class='ocrx_word' id='word_1_227' title='bbox 596 3653 787 3730; x_wconf 86' lang='lat' dir='ltr'><strong>argumento</strong></span> <span class='ocrx_word' id='word_1_228' title='bbox 825 3669 895 3711; x_wconf 86' lang='lat' dir='ltr'><strong>meo</strong></span> <span class='ocrx_word' id='word_1_229' title='bbox 935 3648 1035 3732; x_wconf 89' lang='lat' dir='ltr'><strong>priori</strong></span> <span class='ocrx_word' id='word_1_230' title='bbox 1073 3650 1144 3712; x_wconf 90' lang='lat' dir='ltr'><strong>avis</strong></span> <span class='ocrx_word' id='word_1_231' title='bbox 1187 3651 1276 3737; x_wconf 88' lang='lat' dir='ltr'><strong>capit</strong></span> 
     </span>
     <span class='ocr_line' id='line_1_30' title="bbox 217 3744 1274 3835; baseline 0.008 -26"><span class='ocrx_word' id='word_1_232' title='bbox 217 3768 372 3821; x_wconf 79' lang='lat' dir='ltr'><strong>muscam,</strong></span> <span class='ocrx_word' id='word_1_233' title='bbox 414 3744 508 3808; x_wconf 86' lang='lat' dir='ltr'><strong>credo</strong></span> <span class='ocrx_word' id='word_1_234' title='bbox 547 3748 634 3829; x_wconf 87' lang='lat' dir='ltr'><strong>quod</strong></span> <span class='ocrx_word' id='word_1_235' title='bbox 676 3748 727 3811; x_wconf 89' lang='lat' dir='ltr'><strong>hic</strong></span> <span class='ocrx_word' id='word_1_236' title='bbox 760 3749 809 3811; x_wconf 87' lang='lat' dir='ltr'><strong>leo</strong></span> <span class='ocrx_word' id='word_1_237' title='bbox 840 3771 906 3812; x_wconf 86' lang='lat' dir='ltr'><strong>uon</strong></span> <span class='ocrx_word' id='word_1_238' title='bbox 942 3750 1029 3833; x_wconf 79' lang='lat' dir='ltr'><strong>capit</strong></span> <span class='ocrx_word' id='word_1_239' title='bbox 1059 3751 1274 3835; x_wconf 83' lang='lat' dir='ltr'><strong>elephantem.</strong></span> 
     </span>
     <span class='ocr_line' id='line_1_31' title="bbox 217 3846 1274 3934; baseline 0.009 -26"><span class='ocrx_word' id='word_1_240' title='bbox 217 3847 287 3909; x_wconf 86' lang='lat' dir='ltr'><strong>Nec</strong></span> <span class='ocrx_word' id='word_1_241' title='bbox 317 3853 428 3908; x_wconf 74' lang='lat' dir='ltr'><strong>tamon</strong></span> <span class='ocrx_word' id='word_1_242' title='bbox 455 3846 625 3921; x_wconf 82' lang='lat' dir='ltr'><strong>concludit,</strong></span> <span class='ocrx_word' id='word_1_243' title='bbox 654 3871 729 3931; x_wconf 79' lang='lat' dir='ltr'><strong>ergo</strong></span> <span class='ocrx_word' id='word_1_244' title='bbox 768 3851 870 3934; x_wconf 72' lang='lat' dir='ltr'><strong>nangis</strong></span> <span class='ocrx_word' id='word_1_245' title='bbox 901 3851 1132 3915; x_wconf 81' lang='lat' dir='ltr'><strong>inconveniens</strong></span> <span class='ocrx_word' id='word_1_246' title='bbox 1158 3860 1274 3918; x_wconf 86' lang='lat' dir='ltr'><strong>contra</strong></span> 
     </span>
     <span class='ocr_line' id='line_1_32' title="bbox 215 3946 1275 4039; baseline 0.01 -30"><span class='ocrx_word' id='word_1_247' title='bbox 215 3969 267 4010; x_wconf 89' lang='lat' dir='ltr'><strong>me</strong></span> <span class='ocrx_word' id='word_1_248' title='bbox 282 3970 289 4025; x_wconf 90' lang='lat'>;</span> <span class='ocrx_word' id='word_1_249' title='bbox 313 3946 376 4008; x_wconf 82' lang='lat' dir='ltr'><strong>uisi</strong></span> <span class='ocrx_word' id='word_1_250' title='bbox 392 3948 479 4031; x_wconf 76' lang='lat' dir='ltr'><strong>quod</strong></span> <span class='ocrx_word' id='word_1_251' title='bbox 495 3947 669 4031; x_wconf 86' lang='lat' dir='ltr'><strong>aliquando</strong></span> <span class='ocrx_word' id='word_1_252' title='bbox 685 3951 854 4013; x_wconf 78' lang='lat' dir='ltr'><strong>credebam</strong></span> <span class='ocrx_word' id='word_1_253' title='bbox 870 3953 1165 4027; x_wconf 82' lang='lat' dir='ltr'><strong>contradictionem,</strong></span> <span class='ocrx_word' id='word_1_254' title='bbox 1184 3957 1275 4039; x_wconf 87' lang='lat' dir='ltr'><strong>quod</strong></span> 
     </span>
     <span class='ocr_line' id='line_1_33' title="bbox 214 4049 1273 4139; baseline 0.008 -28"><span class='ocrx_word' id='word_1_255' title='bbox 214 4049 353 4113; x_wconf 83' lang='lat' dir='ltr'><strong>concedo</strong></span> <span class='ocrx_word' id='word_1_256' title='bbox 368 4074 375 4126; x_wconf 90' lang='lat'>;</span> <span class='ocrx_word' id='word_1_257' title='bbox 392 4050 470 4132; x_wconf 84' lang='lat' dir='ltr'><strong>quia</strong></span> <span class='ocrx_word' id='word_1_258' title='bbox 494 4050 586 4112; x_wconf 82' lang='lat' dir='ltr'><strong>tenui</strong></span> <span class='ocrx_word' id='word_1_259' title='bbox 613 4051 788 4134; x_wconf 75' lang='lat' dir='ltr'><strong>aliquando</strong></span> <span class='ocrx_word' id='word_1_260' title='bbox 827 4053 923 4116; x_wconf 84' lang='lat' dir='ltr'><strong>istam</strong></span> <span class='ocrx_word' id='word_1_261' title='bbox 951 4054 1145 4138; x_wconf 85' lang='lat' dir='ltr'><strong>positionem</strong></span> <span class='ocrx_word' id='word_1_262' title='bbox 1172 4078 1273 4139; x_wconf 89' lang='lat' dir='ltr'><strong>quam</strong></span> 
     </span>
     <span class='ocr_line' id='line_1_34' title="bbox 209 4149 1273 4238; baseline 0.011 -27"><span class='ocrx_word' id='word_1_263' title='bbox 209 4149 279 4231; x_wconf 85' lang='lat' dir='ltr'><strong>jam</strong></span> <span class='ocrx_word' id='word_1_264' title='bbox 305 4150 467 4233; x_wconf 81' lang='lat' dir='ltr'><strong>impugno.</strong></span> <span class='ocrx_word' id='word_1_265' title='bbox 515 4151 559 4214; x_wconf 85' lang='lat' dir='ltr'><strong>Et</strong></span> <span class='ocrx_word' id='word_1_266' title='bbox 584 4153 710 4215; x_wconf 63' lang='lat' dir='ltr'><strong>estimo</strong></span> <span class='ocrx_word' id='word_1_267' title='bbox 737 4155 902 4218; x_wconf 78' lang='lat' dir='ltr'><strong>verissimo</strong></span> <span class='ocrx_word' id='word_1_268' title='bbox 933 4157 1020 4238; x_wconf 87' lang='lat' dir='ltr'><strong>quod</strong></span> <span class='ocrx_word' id='word_1_269' title='bbox 1045 4177 1086 4218; x_wconf 80' lang='lat' dir='ltr'><strong>ex</strong></span> <span class='ocrx_word' id='word_1_270' title='bbox 1113 4157 1170 4221; x_wconf 86' lang='lat' dir='ltr'><strong>illa</strong></span> <span class='ocrx_word' id='word_1_271' title='bbox 1196 4181 1273 4223; x_wconf 86' lang='lat' dir='ltr'><strong>cum</strong></span> 
     </span>
     <span class='ocr_line' id='line_1_35' title="bbox 215 4251 1273 4341; baseline 0.013 -31"><span class='ocrx_word' id='word_1_272' title='bbox 215 4251 298 4313; x_wconf 82' lang='lat' dir='ltr'><strong>veris</strong></span> <span class='ocrx_word' id='word_1_273' title='bbox 323 4252 471 4334; x_wconf 79' lang='lat' dir='ltr'><strong>sequitur</strong></span> <span class='ocrx_word' id='word_1_274' title='bbox 497 4255 730 4332; x_wconf 82' lang='lat' dir='ltr'><strong>cont1·adiotio;</strong></span> <span class='ocrx_word' id='word_1_275' title='bbox 763 4277 835 4317; x_wconf 81' lang='lat' dir='ltr'><strong>oum</strong></span> <span class='ocrx_word' id='word_1_276' title='bbox 860 4264 970 4318; x_wconf 79' lang='lat' dir='ltr'><strong>tamen</strong></span> <span class='ocrx_word' id='word_1_277' title='bbox 996 4256 1154 4341; x_wconf 79' lang='lat' dir='ltr'><strong>Magister</strong></span> <span class='ocrx_word' id='word_1_278' title='bbox 1179 4281 1273 4324; x_wconf 87' lang='lat' dir='ltr'><strong>meus</strong></span> 
     </span>
    </p>
   </div>
   <div class='ocr_carea' id='block_1_4' title="bbox 532 4614 974 4683">
    <p class='ocr_par' dir='ltr' id='par_1_4' title="bbox 532 4614 974 4683">
     <span class='ocr_line' id='line_1_36' title="bbox 532 4614 974 4683; baseline 0.018 -18"><span class='ocrx_word' id='word_1_279' title='bbox 532 4614 705 4683; x_wconf 79' lang='lat' dir='ltr'><strong>nullo-cero]</strong></span> <span class='ocrx_word' id='word_1_280' title='bbox 725 4619 797 4669; x_wconf 77' lang='lat' dir='ltr'><strong>twice</strong></span> <span class='ocrx_word' id='word_1_281' title='bbox 809 4636 870 4670; x_wconf 77' lang='lat' dir='ltr'><strong>orer</strong></span> <span class='ocrx_word' id='word_1_282' title='bbox 880 4622 907 4669; x_wconf 90' lang='lat' dir='ltr'><strong>in</strong></span> <span class='ocrx_word' id='word_1_283' title='bbox 918 4622 974 4673; x_wconf 77' lang='lat' dir='ltr'><strong>MS.</strong></span> 
     </span>
    </p>
   </div>
   <div class='ocr_carea' id='block_1_5' title="bbox 0 0 1508 5490">
    <p class='ocr_par' dir='ltr' id='par_1_5' title="bbox 0 0 1508 5490">
     <span class='ocr_line' id='line_1_37' title="bbox 0 0 1508 5490; baseline 0 4"><span class='ocrx_word' id='word_1_284' title='bbox 0 0 1508 5490; x_wconf 95' lang='lat' dir='ltr'><strong> </strong></span> 
     </span>
    </p>
   </div>
  </div>
 </body>
</html>
