3008 5490
1 1401 47 1449 ard

6 1465 82 1530 elring

1 1549 15 1581 s
27 1541 52 1581 to

0 1599 82 1648 reales

0 1742 38 1780 ns
50 1730 80 1781 ot

2 1813 70 1847 com·

7 1878 26 1914 a.

1 2580 77 2615 ereon

4 2632 87 2681 Arch-

6 2711 39 2761 op
50 2699 80 2747 of

28 2846 43 2880 a

4 2897 48 2946 eil
60 2897 86 2947 in

6 2964 64 3021 don,

0 3059 3 3081 l
29 3034 65 3089 1⁹,

7 1680 75 1714 com·
84 1635 91 1659 ’

425 702 603 752 asserem
625 702 849 753 mitulorum

159 1331 317 1396 Coemra
338 1331 441 1416 igitur
459 1330 587 1396 malitia
609 1336 643 1395 et
663 1330 811 1415 nequitia
830 1330 979 1416 magistri
1000 1329 1146 1396 Johannia

117 1433 287 1518 Wyeelyff,
319 1438 388 1497 tam
419 1455 477 1518 per
507 1454 599 1496 suam
630 1433 809 1497 doctrinam
836 1432 1034 1518 pestiferam,
1064 1452 1149 1519 qnam

117 1536 215 1599 etiam
246 1558 304 1622 per
341 1535 603 1620 praedicationem
644 1556 785 1611 suorum,
824 1539 859 1598 et
895 1535 958 1599 sibi
997 1535 1151 1601 alberen-

117 1639 211 1715 tium,
243 1638 300 1724 qui
330 1659 456 1723 semper
485 1636 715 1701 dissensionem
745 1637 1003 1721 praetendebant,
1037 1643 1072 1702 et
1095 1636 1153 1723 ple·

116 1742 191 1805 bem
215 1741 257 1805 ad
281 1740 547 1804 insurrectionem
567 1739 808 1824 provocabant:
832 1739 882 1803 ita
901 1743 942 1802 ut
962 1739 1023 1804 vix
1047 1739 1156 1824 aliquis

118 1865 227 1907 eorum
255 1843 455 1929 praedicaret,
481 1842 561 1927 quin
588 1841 629 1904 ad
655 1862 798 1926 pugnarn
829 1839 970 1905 interae
997 1841 1158 1906 audientes

117 1949 377 2031 provocarentur,
411 1949 445 2008 et
477 1943 650 2008 schismata
688 1942 723 2005 in
760 1942 847 2005 villis
882 1942 1008 2008 fierent.
1067 1942 1159 2007 Unde

117 2046 247 2122 milites,
288 2052 321 2109 et
358 2045 415 2109 alii
449 2045 506 2130 qui
543 2044 729 2129 congregati
767 2048 846 2108 sunt
876 2065 918 2108 ex
948 2049 1044 2130 parte
1073 2045 1160 2132 regni

117 2153 150 2211 et
181 2148 397 2233 parliamenti,
433 2146 644 2233 requirebant
681 2145 956 2232 archiepiscopum
988 2168 1065 2212 oum
1098 2146 1161 2211 suis

117 2249 329 2335 suffraganeis
360 2256 399 2313 ut
431 2250 529 2313 finem
559 2249 704 2313 facerent
726 2248 766 2312 de
792 2247 915 2311 talibus
937 2250 1103 2314 erroribus
1130 2256 1162 2315 et

117 2350 315 2415 haeresibus:
340 2355 374 2415 et
394 2372 453 2415 rex
475 2372 548 2416 erun
568 2349 731 2437 regalibus
752 2349 969 2436 promittebat
994 2350 1042 2417 eis
1063 2350 1162 2439 legale

118 2452 326 2537 adjutorium.

163 2555 269 2632 Unde,
287 2554 446 2640 completo
469 2554 692 2640 parliamento,
714 2554 896 2618 Willelmus
920 2553 1163 2621 Cantnariensis

119 2656 213 2721 firma
245 2657 385 2722 ecelesiae
420 2657 578 2734 columna,
602 2678 677 2721 snos
711 2656 931 2743 sullinganeos
963 2659 1164 2735 convocavit,

1 2766 106 2831 rrbury
119 2781 193 2824 curn
216 2760 289 2823 aliis
311 2780 409 2823 sacrae
434 2757 605 2843 theologiae
626 2759 818 2833 doctoribus,
848 2764 882 2823 et
904 2759 1116 2838 decretorum,
1132 2766 1165 2825 et

119 2862 237 2946 legemr,
255 2867 288 2926 et
310 2861 456 2924 virorum
480 2859 670 2937 valentium,
703 2866 742 2925 ut
767 2859 984 2926 deliberarent
1007 2862 1049 2927 de
1072 2863 1165 2928 certis

119 2964 376 3027 conclusionibus
406 2962 574 3037 lrzereticis,
609 2985 688 3047 quas
720 2961 888 3046 Wyoclyff
920 2969 953 3027 et
993 2963 1049 3028 illa
1082 2971 1165 3029 secta

120 3087 192 3148 quur
219 3066 338 3128 dicitur
378 3065 598 3127 Iollanlornm
638 3065 899 3148 praedicaverant.
947 3065 992 3128 Et
1031 3067 1165 3129 damna·

119 3175 236 3230 verunt
252 3173 354 3229 certas
371 3166 587 3228 conclusiones
611 3187 683 3248 qum
707 3165 840 3229 inferius
862 3170 1037 3250 ponuntur,
1056 3169 1165 3231 eodem

119 3290 212 3342 anno,
248 3268 370 3330 seilicet
404 3283 624 3333 nreecaxxxn.
659 3267 693 3328 in
725 3268 776 3330 die
814 3267 844 3330 S.
882 3269 1057 3345 Dunstani,
1094 3276 1164 3356 post

119 3369 300 3452 prandium,
326 3369 413 3451 apud
439 3368 670 3431 Praetentura
696 3369 879 3432 Londoniis.

164 3470 229 3533 Sed
253 3476 363 3532 tamen
384 3471 496 3533 eodem
518 3471 577 3545 dio,
601 3470 679 3534 hora
702 3471 793 3554 (prasi
812 3472 953 3533 secunda
975 3479 1049 3555 post
1073 3473 1166 3536 rneri-

67 3632 76 3641 ,
120 3572 214 3645 diem,
239 3571 343 3635 sarctus
367 3578 417 3635 est
441 3577 644 3635 terraemotus
667 3594 724 3656 per
744 3578 848 3635 totam
866 3572 1028 3657 Angliam.
1069 3573 1165 3637 Unde

34 3706 40 3720 ·
120 3673 252 3756 quidam
270 3674 308 3736 de
324 3673 535 3758 suffraganeis
551 3679 584 3736 et
603 3674 674 3735 aliis
690 3674 843 3737 voletam
867 3680 973 3737 toturn
998 3676 1165 3759 negotium

119 3774 296 3853 dimisisse;
320 3777 375 3839 sed
399 3775 450 3837 vir
473 3775 565 3838 fortis
589 3774 697 3837 zelans
720 3798 777 3859 pro
800 3775 862 3837 Dei
888 3775 1019 3838 ecelesia
1044 3776 1166 3839 Willel·

119 3898 190 3938 mus
216 3876 460 3940 Ca-ntuariensis
483 3898 536 3938 eos
564 3876 768 3950 confortavit,
793 3898 926 3939 monens
950 3884 988 3939 ut
1013 3877 1046 3939 in
1070 3900 1165 3941 causa

119 3978 258 4042 ecclesian
297 3979 422 4042 desides
460 4001 527 4042 non
565 3985 679 4041 essent.
728 3978 772 4040 Et
811 3999 923 4040 revera
961 3984 1167 4043 terraemotus

118 4081 340 4164 praetendebat
376 4079 603 4165 purgationem
635 4079 725 4164 regni
765 4079 806 4140 ab
845 4078 1027 4142 haresibns.
1075 4080 1167 4144 Sicut

119 4183 205 4244 eninr
238 4182 272 4243 in
305 4189 399 4245 terra¹
431 4182 607 4244 visceribus
640 4180 852 4243 inclmluntnr
884 4187 938 4242 ain
970 4188 1003 4244 et
1034 4181 1166 4265 spiritns

119 4282 238 4358 infecti,
278 4289 311 4345 et
349 4283 560 4365 egrediuntur
597 4284 631 4344 in
663 4288 905 4359 terrrmnotum3
941 4289 973 4345 et
1004 4282 1049 4345 sic
1082 4291 1166 4346 terra

119 4386 304 4467 deponatur,
330 4385 387 4447 sed
417 4406 481 4446 non
513 4385 633 4468 alasque
665 4407 783 4468 nmgna
813 4383 992 4460 violentia3
1022 4384 1067 4446 sie
1091 4391 1166 4447 ante

120 4492 212 4549 erant
237 4485 351 4549 mulae
378 4485 513 4549 haereses
538 4485 670 4549 inclusio
695 4486 730 4547 in
761 4486 911 4549 cordibus
935 4486 1165 4569 reproborunu

119 4589 174 4650 sed
205 4609 261 4671 per
291 4587 592 4651 condemnationem
622 4610 756 4675 regnum
787 4586 850 4651 snit
883 4587 1087 4673 depuratum,
1113 4589 1168 4651 sed
