3158 5490
245 695 312 759 430
552 700 736 755 rasmccar
759 698 987 755 maliuolum

244 900 295 962 est
335 894 437 959 honor
482 892 600 978 aliquis
638 891 841 959 exhibendus
891 889 1090 978 imaginibus
1137 888 1306 969 Gmciiixi,

246 997 282 1064 B.
307 996 422 1063 Mariae
448 995 604 1082 Virginis,
627 1001 687 1061 aut
716 992 852 1080 alicujus
881 993 993 1061 sanai
1039 992 1135 1059 Nam
1165 994 1306 1073 mboras,

245 1103 421 1167 crescentes
460 1099 497 1165 in
535 1098 621 1165 silva
650 1102 730 1164 sunt
757 1096 890 1184 majoris
919 1096 1064 1174 virtutis,
1099 1101 1138 1163 et
1174 1097 1304 1185 vigoris,

246 1209 280 1268 et
302 1201 540 1289 expressiorem
554 1204 676 1287 gerunt
696 1199 944 1265 similitudinem
967 1196 1033 1264 Dei
1055 1201 1092 1265 et
1113 1198 1302 1287 imaginem.

247 1325 345 1389 quam
392 1304 476 1390 lapis
514 1304 568 1368 vel
605 1303 733 1389 lignum
768 1307 934 1368 mortuum
971 1301 1016 1368 cd
1049 1300 1305 1369 similitudinem

246 1406 389 1473 hominis
419 1406 605 1493 sculptum
643 1411 679 1472 et
719 1405 792 1471 ideo
822 1403 1010 1492 hujusmodi
1048 1403 1188 1471 arbores
1224 1426 1305 1471 cres-

246 1514 353 1574 centes
391 1509 496 1594 magis
544 1513 623 1574 sunt
669 1507 844 1573 adoranda
891 1505 1103 1584 orationibus,
1143 1506 1305 1593 genuflec-

246 1611 400 1686 tionibus,
424 1610 654 1686 oblationibus,
690 1607 1006 1696 peregrinationibus
1044 1614 1081 1675 et
1110 1606 1301 1686 luminibus

246 1736 346 1799 quam
369 1714 503 1799 aliquod
525 1713 648 1780 idolum
671 1713 708 1777 in
730 1712 861 1777 eeclesia
883 1716 1059 1777 mortuum

292 1815 397 1895 Quem
435 1816 568 1901 quidem
617 1815 791 1880 articulum
839 1814 885 1879 sic
933 1813 1097 1900 objectum
1145 1816 1301 1902 praefatus

247 1917 431 1982 Willelmus
462 1917 586 2002 Whyte
615 1916 790 1993 fatebatur,
821 1922 857 1982 et
880 1916 1069 2002 recognovit
1095 1917 1300 2003 judicialiter

248 2022 328 2083 tuno
350 2018 472 2083 ibidem
487 2039 521 2082 ee
541 2018 692 2096 tenuisse,
708 2016 891 2095 affirmasse,
907 2016 1070 2105 scripsisse
1086 2025 1122 2085 et
1144 2018 1300 2099 docuisse,

249 2124 438 2205 postauam
461 2119 700 2206 abjurationem
725 2119 923 2206 praedictam

707 2343 852 2415 XXVII.

82 2492 238 2547 sa'l'nomu
295 2488 382 2555 Item
408 2490 472 2557 tibi
498 2489 634 2557 dicimus
660 2495 695 2556 et
721 2489 891 2576 objicimus
916 2495 952 2558 et
974 2488 1199 2570 articulsmur,
1215 2492 1300 2579 quod

81 2561 229 2614 orcam·

81 2628 154 2695 bury.

83 4093 187 4145 Sciture
198 4094 228 4145 ot

80 4160 175 4210 choreb

81 4234 200 4292 property

81 4292 116 4357 by
128 4293 236 4358 laymen.

249 2597 324 2679 post
353 2598 388 2657 et
413 2596 527 2659 contra
556 2599 649 2658 tuam
679 2592 870 2678 praedictam
899 2591 1149 2678 abjurationem,
1189 2600 1230 2661 tu
1266 2595 1300 2661 in

247 2701 360 2760 nostra
384 2695 513 2760 dioecesi
539 2695 684 2773 tenubfi,
712 2693 890 2771 affirmasti,
913 2695 1070 2782 scripsisti
1092 2701 1129 2762 et
1153 2696 1298 2773 docmati,

248 2797 390 2880 quodsi
426 2796 532 2882 passio
560 2794 683 2862 Christi
720 2795 786 2861 fuit
823 2797 914 2863 utilis
953 2801 989 2863 et
1029 2798 1182 2883 pretiom,
1215 2820 1299 2865 mors

248 2896 280 2962 S.
297 2896 432 2964 Thomoe
448 2896 603 2984 mamyris
619 2897 862 2965 Cantuariensie
877 2897 1108 2987 archiepiscopi
1132 2899 1199 2966 fuit
1215 2901 1297 2979 vilis,

249 3003 283 3064 et
318 3023 339 3063 a
373 2999 525 3067 fidelibus
560 2999 786 3086 vituperanda,
825 3002 904 3086 quia
941 3005 1073 3087 propter
1116 3001 1311 3069 dominium-

248 3100 388 3165 ecelesise
413 3100 599 3186 temporalis
624 3101 739 3167 mortis
771 3102 929 3169 saurais
965 3102 1170 3188 passionem:
1206 3110 1242 3170 et
1273 3102 1300 3169 si

248 3200 349 3286 ipsius
373 3201 506 3266 Thornia
530 3224 617 3267 mors
640 3201 740 3271 fuerit
766 3204 1028 3282 commendanda
1044 3204 1153 3291 passio
1177 3203 1300 3273 Olrristi

248 3302 312 3367 fuit
334 3303 545 3390 reprobanda

294 3409 399 3474 Istum
438 3410 613 3476 articrdum
644 3410 818 3496 praedictus
848 3411 1033 3479 Willelmus
1063 3412 1192 3500 Whyta
1221 3420 1301 3480 tunc

248 3510 370 3576 ibidem
392 3511 594 3594 judicialiter
615 3512 791 3590 fatebatur,
816 3518 851 3579 et
873 3515 1062 3601 recognovit
1085 3537 1121 3581 se
1143 3517 1298 3591 tenuisse,

247 3612 432 3692 affirmasse,
459 3613 620 3699 scripsisse
645 3619 679 3680 et
701 3615 853 3693 docuisse,
879 3622 954 3703 poet
984 3622 1019 3682 et
1044 3623 1161 3684 contra
1185 3617 1302 3685 suam'

247 3712 485 3799 abjurationem
508 3715 704 3801 praedictam.

693 3937 859 4007 XXVIII.

294 4081 380 4148 Item
410 4083 473 4149 tibi
504 4084 648 4162 dicimus,
680 4084 850 4170 objicimus
881 4090 916 4153 et
951 4087 1173 4166 articulamur,
1213 4093 1303 4178 quod

247 4189 322 4268 post
356 4189 390 4251 et
426 4190 538 4250 contra
573 4189 666 4252 tuam
704 4188 942 4273 abjurationem
975 4191 1167 4276 pradictum
1199 4199 1240 4260 tu
1266 4196 1302 4259 in

247 4291 359 4350 nostra
385 4287 513 4353 dioeoesi
538 4288 682 4366 tenuisti,
710 4287 887 4368 affirmasti,
912 4290 1070 4379 scripsisti
1092 4297 1127 4357 et
1149 4293 1300 4369 docuisti,

637 4614 643 4647 ¹
656 4614 739 4682 mam]
753 4621 831 4679 tuam,
844 4615 900 4669 lis.
