3008 5490
532 126 712 178 rusc1cun1
741 125 964 185 zmnmonum
1209 114 1274 189 221

225 318 321 403 petet
352 314 441 399 quod
469 336 528 380 nec
557 314 718 380 mundus
747 315 848 391 testie,
873 335 933 380 nec
961 312 1079 382 tertius
1108 313 1188 384 iacit
1216 336 1275 403 pro

228 422 346 483 actore

269 516 420 599 Quartum
450 518 543 583 testis
574 518 741 583 inducitur
770 516 806 583 Β.
831 517 1037 604 Augustinus
1066 519 1102 583 in
1131 519 1273 604 quodem
1286 527 1435 594 Augustino.

225 638 377 685 emmone
406 641 571 706 exponens
600 616 700 684 illud¹
727 619 823 684 Lucae
850 636 946 685 xxlv.
963 621 1014 696 35,
1040 618 1274 705 omnicoetum

223 740 309 787 cwm
337 719 384 786 itt
411 718 585 805 fractione
619 719 753 805 ponis.-
791 725 825 785 et
854 721 988 806 ponitur
1016 721 1052 786 in
1083 742 1206 787 conone
1235 723 1275 786 de

226 820 489 903 consecratione,
505 822 577 887 dist
595 824 624 899 2,
640 821 678 887 N
677 842 723 886 otc
737 820 859 898 otonis,
875 822 933 887 ubi
955 822 1019 887 sic:
1050 831 1067 859 “
1079 822 1157 888 Non
1172 825 1275 888 omnis

224 932 246 965 ¹¹
259 924 366 1011 pauiu,
392 924 451 988 sed
485 925 579 1009 penis
604 923 764 1009 occipiens
787 923 1045 989 benedictionem
1071 923 1202 1001 Christi,
1237 925 1278 990 fit

223 1032 381 1111 “corpus
401 1024 550 1089 chricti?
597 1023 703 1103 Quam
730 1024 959 1089 auctoritatem
982 1024 1154 1110 glossando
1173 1025 1277 1093 solum

224 1125 319 1193 dicte
348 1125 494 1211 ejudem
524 1126 663 1190 doctoris
693 1124 826 1201 adduco,
857 1131 896 1193 ut
935 1126 980 1190 eie
1017 1127 1154 1211 ipsemet
1184 1128 1278 1191 testie

223 1226 373 1293 declaret
394 1227 619 1292 testimonium
646 1248 749 1301 suum,
776 1232 887 1291 utrum
910 1227 1064 1311 procedet
1085 1249 1143 1312 pro
1169 1233 1278 1294 actore

223 1326 488 1405 ict0,⁹ve1n0n
533 1326 632 1391 Unde
657 1327 766 1412 inquit
791 1327 875 1392 libro
900 1325 1158 1392 Sententiarum³
1185 1329 1278 1395 Proe-

224 1429 310 1515 peri,
337 1434 373 1493 et
401 1429 535 1514 ponitur
560 1429 597 1492 in
631 1448 753 1493 canone
783 1428 824 1492 de
855 1428 1114 1505 Consecreticue,
1149 1431 1221 1497 dist
1248 1433 1276 1507 2,

224 1530 306 1597 1100
328 1528 488 1615 estquod
514 1527 675 1606 dicimus,
700 1530 756 1594 ubi
781 1529 861 1594 dicit
886 1552 1003 1616 punem
1030 1532 1139 1596 vocari
1163 1554 1278 1619 corpus

227 1630 366 1707 christi,
394 1652 469 1696 cum
495 1632 540 1696 eit
565 1635 805 1695 sacramentum
835 1634 974 1717 corporis
1005 1632 1135 1712 Christi,
1162 1645 1179 1670 “
1194 1636 1279 1700 sicut

226 1741 248 1770 “
263 1732 359 1820 ipso⁴
389 1733 569 1798 immolatio
600 1754 673 1819 quae
699 1733 739 1798 fit
768 1733 920 1798 manibus
941 1735 1119 1802 sciceulotis
1142 1744 1279 1802 vocetur

227 1847 249 1874 ‘¹
266 1834 393 1902 Obiinti
419 1836 535 1922 pancio,
568 1857 634 1907 non
671 1836 719 1899 rei
757 1835 904 1911 veritate,
943 1838 1000 1902 sed
1034 1838 1279 1923 significandae⁶

229 1944 249 1975 “
265 1936 453 2022 mysterio.”
499 1937 562 2001 Per
592 1958 666 2021 quae
697 1957 847 2021 expresee
876 1942 969 2022 patet
1007 1940 1095 2023 quod
1124 1961 1191 2003 non
1229 1945 1279 2004 est

224 2038 423 2105 intentionis
460 2037 647 2123 Augustini,
679 2038 767 2122 quod
803 2038 898 2122 panis
936 2040 992 2123 qui
1023 2040 1143 2104 dicitur
1173 2062 1276 2105 sacra-

225 2145 379 2207 mentum
398 2135 534 2216 altoris?
553 2140 624 2204 sive
647 2139 773 2204 dicotur
798 2136 1101 2225 panisff‘mcterialis,
1124 2146 1162 2206 ut
1186 2144 1280 2227 ponit

226 2243 295 2309 iste
324 2241 442 2327 opinio,
470 2241 539 2305 eive
570 2240 675 2305 solum
705 2241 825 2327 species
855 2242 957 2327 panis,
988 2247 1027 2307 ut
1057 2249 1183 2329 ponunt
1213 2244 1276 2319 alii,

215 2345 272 2409 -nit
302 2364 379 2409 vere
408 2348 445 2407 et
473 2341 604 2406 realiter
639 2362 754 2427 corpus
785 2341 931 2422 Christi3
969 2343 1026 2407 sed
1056 2345 1161 2408 solum
1192 2345 1279 2428 quod

226 2444 394 2530 significet
423 2463 538 2528 corpus
569 2441 715 2508 Christi:
750 2444 796 2507 sic
825 2444 913 2528 quod
942 2466 1056 2530 corpus
1082 2444 1206 2510 Christi
1235 2446 1280 2511 sit

226 2567 308 2616 vere
332 2545 376 2609 ud
402 2565 531 2609 omnem
557 2547 715 2629 punctum
739 2543 827 2609 illius
850 2547 1043 2610 sacrmenti
1069 2544 1226 2611 visibilis?

274 2647 322 2712 Et
358 2647 447 2732 quod
484 2646 525 2711 de
563 2646 745 2710 intentione
776 2645 954 2732 Augustini
990 2648 1034 2712 sit
1072 2648 1159 2733 quod
1197 2649 1279 2714 illud

227 2754 471 2815 sacromentum
496 2753 571 2833 poet
597 2748 868 2813 consecrationem
894 2771 960 2812 non
989 2749 1033 2815 sit
1058 2751 1152 2838 panis
1177 2756 1280 2816 mate-

227 2852 330 2927 rialis,
368 2850 426 2915 sed
461 2848 568 2914 solum
610 2848 731 2934 species
777 2850 880 2935 penio,
918 2851 1050 2916 videtur
1087 2873 1128 2916 ex
1166 2853 1278 2917 eodem

232 2953 388 3039 capitulo,
413 2973 487 3017 cum
512 2951 591 3015 dicit
623 2948 808 3016 “eoelesiae⁸
832 2951 1023 3017 sacrificium
1053 2953 1179 3018 duobus
1205 2976 1280 3019 oon·

231 3065 251 3093 ¹‘
266 3061 362 3129 sture,
393 3053 516 3119 visibili
554 3054 788 3118 elementorum
826 3054 937 3138 specie,
969 3059 1003 3119 et
1033 3055 1167 3119 Domini
1197 3056 1280 3121 Jesu

228 3164 250 3246 ‘f
266 3155 390 3224 eluisti
413 3176 507 3223 cerne
522 3153 552 3232 ;’'
581 3153 698 3237 juncto
716 3154 782 3220 alio
809 3153 952 3238 ejusdem
978 3155 1054 3221 libri
1072 3157 1167 3234 dicto,
1191 3159 1278 3244 quod

261 3552 269 3582 ¹
282 3549 355 3617 illud]
368 3564 418 3600 om.
429 3549 463 3599 D.
810 3548 1280 3615 ‘siynfflcondoe]signiflccnte,0enon,

261 3629 433 3694 ’cctcreisto]
447 3627 687 3689 intencionem
777 3628 929 3694 Wyntertou
952 3628 1074 3694 probably
1098 3639 1175 3680 wrote
1202 3632 1280 3697 signi·

261 3706 562 3772 ¹Seumoarum1vin‚
572 3707 604 3765 Ι),
612 3707 644 3759 u.
674 3706 730 3755 The
777 3707 877 3758 flccudi.
912 3707 959 3758 See
971 3723 994 3771 μ
1007 3713 1064 3758 223.

226 3801 299 3838 error
316 3786 438 3850 probably
458 3785 554 3849 erisiug
570 3785 635 3835 from
651 3799 683 3834 en
704 3784 730 3843 S,
809 3785 930 3851 ‘citariq
944 3786 1029 3835 alteris
1040 3788 1080 3838 sit.

226 3866 258 3916 ot
272 3864 494 3929 npeeuliusorm,
514 3865 574 3914 used
594 3878 621 3914 ce
638 3879 653 3915 a
671 3878 729 3914 con·
810 3864 946 3930 'mutiffl
960 3865 1068 3928 visibile,
1082 3867 1114 3918 D.
1153 3928 1158 3937 ,

227 3944 345 3996 motion.
811 3942 947 4009 'ecclesioe]
961 3959 1010 3993 om.
1024 3944 1058 3996 Α.

261 4026 271 4053 ⁴
283 4022 353 4090 ἰμιι]
366 4035 416 4073 om.
427 4020 461 4081 D,
473 4020 503 4072 n
