3008 5490
624 1291 902 1367 APPllNDIX.

667 1471 841 1488 mm

742 1674 773 1751 Ι.

232 1855 592 1926 ΒΕΤΕΒΜΙΝΑΤΙΟ
611 1860 649 1948 [J
651 1860 819 1927 OHANN
822 1860 865 1927 IS
882 1861 1078 1948 WYOLIF]
1095 1860 1282 1930 CONTRA

444 1996 732 2063 KYLINGHAM
761 1999 1076 2065 CARMELITAM.

277 2223 368 2290 Tum
390 2231 468 2292 sunt
482 2225 553 2291 nidi
575 2226 749 2314 inquibus
771 2248 831 2314 ego
854 2248 928 2294 cum
950 2226 1023 2294 aliis
1045 2228 1142 2317 pullis
1159 2226 1280 2294 Christi
1299 2239 1380 2292 three

232 2326 339 2393 adhuc
360 2328 470 2394 volare
496 2330 715 2394 nescientibus
737 2328 885 2407 nutrior,l
912 2331 947 2394 in
978 2330 1062 2394 silva
1093 2330 1279 2417 Scripturas,
1293 2309 1415 2425 dirisi?

231 2428 351 2514 pabulo
377 2430 551 2509 veritatis3
589 2432 708 2516 quibus
738 2432 940 2519 protegimur
976 2438 1090 2496 contra
1118 2433 1419 2498 versutiaschiekens.

231 2528 464 2609 baereticorum,
487 2538 602 2598 contra
631 2531 849 2620 ampullosas²
879 2534 1024 2618 argutias
1050 2533 1278 2620 sophistarum,

231 2636 265 2697 et
287 2639 402 2698 contra
424 2633 597 2699 animalem
620 2635 813 2720 sapientiam
836 2636 1083 2699 mundanorum.

275 2733 320 2799 Et
346 2735 471 2820 primus
492 2736 591 2800 nidus
612 2736 648 2801 in
670 2741 762 2822 parte
784 2735 906 2822 logicus
933 2740 990 2813 est,
1016 2736 1177 2822 quomodo
1208 2757 1280 2822 cog·
1294 2745 1349 2798 One

229 2837 391 2901 noscimus
414 2837 612 2902 universalia
630 2860 672 2903 ex
693 2844 786 2923 parte
804 2838 873 2916 rei;
897 2843 935 2902 ut
952 2859 1055 2924 genus
1075 2842 1109 2903 et
1131 2837 1278 2925 speciem,
1292 2812 1389 2879 ¹⁰⁸i⁰²¹2

230 2936 270 3000 de
293 2937 411 3023 quibus
435 2938 604 3024 Scriptura
626 2939 774 3005 verificat
795 2938 938 3005 crebrius
961 2961 1090 3004 sensum
1113 2961 1217 3004 suum.
1326 2981 1328 2984 .

274 3039 443 3105 Secundus
477 3041 574 3105 nidus
604 3048 653 3106 est
684 3041 788 3119 altior,
819 3041 987 3118 naturalis,
1022 3062 1087 3126 quo
1116 3041 1277 3108 noscimus
1290 3063 1337 3099 one

229 3142 409 3226 quamlibet
435 3142 573 3207 formam
599 3142 847 3208 substantialem
885 3142 1094 3220 materialem,
1126 3144 1276 3208 eductam
1289 3118 1394 3179 ”ml

229 3244 269 3309 de
305 3245 455 3329 potentia
491 3245 647 3324 materia,
686 3244 767 3310 esse³
813 3245 1056 3332 dispositionem
1096 3245 1277 3310 accidenta-

227 3344 292 3410 lem
323 3346 420 3411 dictae
450 3347 608 3424 essentie
646 3345 700 3411 vel
737 3351 865 3412 naturae
877 3372 885 3427 ;
918 3352 952 3411 et
985 3347 1030 3411 sic
1063 3346 1276 3432 intelligimus

228 3446 432 3534 Scripturam
455 3448 536 3512 esse‘
563 3469 676 3513 reram
711 3453 745 3512 et
783 3448 823 3513 de
855 3448 980 3512 virtute
1013 3448 1179 3525 sermonis,
1211 3469 1275 3533 quo

226 3549 321 3635 ponit
350 3571 465 3635 corpus
500 3550 597 3614 unius
634 3549 750 3636 speciei
784 3551 905 3614 nedum
935 3549 1081 3615 converti
1113 3549 1148 3612 in
1176 3549 1275 3627 aliud,

225 3650 282 3716 sed
319 3649 387 3716 fore
424 3650 479 3715 vel
516 3673 583 3716 esse
621 3674 679 3739 pro
717 3672 776 3716 suo
810 3656 954 3736 tempore
992 3671 1106 3737 corpus
1137 3651 1275 3737 disparis

225 3753 349 3839 speciei.

247 3854 401 3920 ‘Tertius
431 3855 528 3920 nidus
552 3854 730 3921 altissimus
764 3859 813 3920 est
836 3849 1084 3941 metaphysicus,
1110 3875 1175 3940 quo
1201 3876 1333 3943 cog-one

223 3956 387 4021 noscimus
417 3957 637 4022 aeternitatem
667 3957 730 4022 Dei
760 3978 802 4022 ex
832 3956 902 4042 ejus
933 3957 1152 4021 immensitate
1188 3936 1416 4053 com-ffifflphl'‘

224 4057 360 4123 sistente
388 4059 477 4122 omni
515 4058 655 4145 tempori
688 4059 863 4144 praeterito
895 4058 948 4121 vel
979 4058 1113 4138 futur03
1151 4064 1186 4123 et
1216 4075 1275 4147 per

223 4183 422 4246 consequens
445 4161 556 4226 omnia
577 4182 651 4245 quae
674 4160 807 4224 fuerunt
822 4160 875 4223 vel
898 4166 994 4225 erunt
1017 4181 1084 4225 esse
1100 4161 1171 4226 Deo
1192 4183 1276 4247 prae·

223 4264 339 4328 sentia.
383 4262 429 4327 Et
451 4284 510 4349 per
532 4262 622 4326 illam
637 4257 813 4327 veritatem
833 4261 990 4326 solvimus
1004 4263 1158 4349 perplexa
1174 4264 1275 4330 dubia

225 4461 1249 4474 ——--....—.....-.—-——-,.-———--—-——--—-—-

256 4586 263 4617 ¹
277 4587 384 4653 nutam]
398 4594 480 4649 nator,
492 4586 548 4639 MS.
806 4586 889 4653 'esse]
904 4602 985 4646 omne,
998 4588 1063 4650 MS„
1076 4590 1112 4641 ie.
1123 4586 1154 4644 ἵε
1165 4585 1249 4648 fore—e,

253 4664 434 4732 ’dumdoaeaq
448 4667 593 4731 ampullosa,
606 4664 661 4716 MS.
806 4667 815 4698 ⁴
826 4666 890 4732 esse]
903 4675 1062 4746 ⁰⁵⁸².i⁰l¹l¹'.⁸’
1075 4669 1130 4723 MS.
1143 4671 1234 4735 (thus).
