3008 5490
393 713 571 769 rasorcuar
593 713 817 766 marmorum
1086 703 1127 768 63

82 902 222 980 ecelesia,
253 922 328 988 quaa
358 904 490 987 propter
526 899 713 984 hujusmodi
744 898 969 984 juramentum
1002 898 1129 965 ratione

80 1004 247 1091 sequentis
278 1006 371 1068 aetus
405 1002 488 1066 nulli
518 1002 642 1088 irrogat
679 1001 856 1066 infamiam
917 1001 1016 1066 Patet
1052 1023 1128 1088 ergo

80 1107 170 1192 quod
205 1126 266 1171 nec
301 1105 338 1169 in
372 1102 505 1189 judiciis
551 1103 764 1181 subditorum,
802 1124 861 1167 nec
898 1102 934 1166 in
971 1104 1128 1188 mysterio

78 1211 362 1283 aeramentorum,
393 1226 452 1270 neo
481 1206 517 1269 in
546 1205 711 1270 sententia
739 1204 919 1289 theologica
948 1204 1002 1270 vel
1031 1226 1128 1270 sensu

80 1310 263 1386 verborum,
295 1312 388 1373 tenet
417 1306 549 1372 eeclesia
577 1307 666 1392 quod
703 1327 797 1371 omne
827 1306 916 1392 quod
953 1305 1024 1384 erit,
1055 1311 1126 1387 est3

77 1411 134 1477 vel
157 1430 253 1476 omne
278 1409 367 1494 quod
390 1407 463 1485 fuit,
480 1409 566 1488 erit;
596 1414 631 1473 et
655 1413 815 1473 econtra

120 1515 174 1577 11.
196 1511 240 1576 In
252 1510 374 1590 eodem,
390 1515 425 1574 et
439 1508 566 1590 ιιΙιὶιιιο,
582 1514 695 1575 contra
709 1509 894 1595 opinionem
908 1509 955 1574 sic
969 1510 1125 1595 arguitur.
1138 1511 1260 1564 Elevanda

78 1614 121 1679 Si
148 1634 242 1678 omne
268 1613 358 1699 quod
386 1611 451 1677 fuit
477 1610 531 1677 vel
556 1612 627 1690 erit,
655 1615 712 1688 est,
741 1616 776 1676 et
802 1633 820 1675 e
846 1614 966 1687 contra,
998 1615 1032 1674 et
1057 1579 1276 1710 hae⁰argdd⁸dne

79 1715 206 1781 veritus
233 1713 303 1791 fuit,
332 1713 483 1779 Christus
508 1734 595 1778 nuno
621 1713 774 1798 pendet
766 1735 801 1777 m
827 1733 926 1787 eruce,
954 1732 1029 1797 ergo
1059 1712 1128 1776 haec

78 1819 202 1883 veritus
239 1823 297 1881 est
358 1813 505 1880 Ponatur
541 1814 630 1900 quod
670 1813 788 1898 aliquis
834 1813 930 1878 homo
975 1813 1129 1899 praedicet

78 1918 215 2006 publice,
246 1918 337 2003 quod
366 1916 517 1982 Christus
553 1937 642 1980 nuno
679 1916 799 2001 pendet
836 1915 872 1979 in
909 1936 1009 1993 cruce,
1049 1920 1128 1981 tunc

77 2042 180 2107 arguo
215 2019 269 2084 sic.
324 2018 403 2083 Non
439 2018 565 2083 licitum
601 2023 651 2082 est
685 2018 812 2081 credere
849 2016 924 2082 hnic
962 2017 1125 2095 doctrine,

76 2123 134 2187 aed
167 2121 278 2207 quoad
303 2119 403 2185 fidem
428 2119 512 2184 nihil
546 2119 645 2184 refert
682 2121 811 2184 credere
842 2118 1010 2184 Christum
1039 2139 1128 2183 nunc

78 2224 217 2309 pendere
246 2222 284 2286 in
313 2242 414 2298 cruce,
445 2220 499 2286 vel
529 2221 658 2285 credere
695 2220 755 2285 hoc
792 2241 859 2285 esse
888 2242 1002 2286 verum
1040 2220 1128 2306 quod

81 2324 229 2390 Christus
258 2344 347 2388 nunc
376 2323 497 2408 pendet
530 2322 566 2386 iu
597 2343 696 2387 cruce.
756 2321 961 2408 Consequens
999 2322 1125 2399 falsum,

78 2430 112 2491 et
129 2424 366 2510 consequentia
387 2429 487 2509 patet.
531 2423 748 2509 Assumptum
763 2445 840 2488 vero
863 2431 973 2509 patere
994 2425 1127 2489 videtur

80 2548 119 2591 ex
143 2525 311 2591 sententia
335 2525 372 2588 B.
396 2524 576 2611 Augustini
602 2541 647 2587 1v.
671 2524 722 2588 De
749 2524 907 2590 Doctrina
940 2525 1127 2591 Christiana

79 2650 142 2714 cap
175 2630 228 2704 13,
258 2626 317 2690 ubi
348 2625 552 2711 distinguens
585 2625 671 2690 inter
708 2626 888 2690 doctrinam
918 2649 992 2710 quaa
1022 2627 1126 2711 exigit

79 2728 183 2806 fidem,
211 2731 246 2792 et
272 2726 363 2792 illam
389 2749 462 2812 quae
491 2726 630 2811 requirit
658 2726 877 2791 imitationem
903 2749 924 2790 a
948 2731 1041 2812 parte
1069 2728 1125 2805 rei,

80 2831 118 2894 de
130 2830 238 2916 prima
252 2828 299 2893 sio
314 2827 401 2893 dicit.
447 2827 613 2913 “Propter
631 2826 827 2905 assensum,”
843 2828 960 2912 inquit,
987 2828 1125 2905 “solum,

82 2940 97 2967 ‘⁴
117 2953 192 2996 cum
218 2930 347 3015 aliquid
376 2930 539 3007 suadetur,
567 2929 663 2993 rebus
692 2951 766 3014 quae
797 2928 951 2993 dicuntur
975 2928 1127 3014 revigilat

82 3033 256 3098 “dicentis
302 3032 451 3096 intentio.
512 3030 548 3095 Si
587 3031 673 3095 enim
716 3031 798 3095 talia
844 3029 1015 3107 dicantur,¹
1052 3051 1127 3114 quae

82 3143 97 3168 ‘⁴
117 3135 245 3199 credere
266 3134 319 3197 vel
341 3155 434 3198 nosse
445 3130 601 3221 [sufficiat
622 3132 706 3196 nihil
732 3138 782 3196 eat
808 3131 914 3196 nliud²
937 3132 1125 3209 consentire,

79 3244 95 3269 “
115 3237 181 3301 nisi
207 3232 355 3299 credere³
381 3257 460 3299 vera
486 3231 581 3298 ease.”
631 3234 718 3319 Ergo
741 3233 776 3297 in
798 3233 858 3299 hac
880 3234 1024 3310 materia,
1053 3231 1127 3317 qui⁴

79 3337 178 3402 credit
194 3358 310 3400 verum
334 3357 401 3400 esse
427 3336 514 3420 quod
539 3334 689 3401 Christus
712 3357 799 3399 nunc
822 3336 942 3420 pendet
966 3336 1001 3398 in
1025 3356 1124 3411 cruce,

79 3439 143 3524 ipse
189 3437 353 3503 consentit
399 3436 504 3501 eidem
550 3435 747 3500 conclusioni
759 3462 768 3515 3
815 3437 935 3500 seilicet
977 3435 1125 3502 Christus

79 3562 161 3604 nunc
191 3539 314 3624 pendet
344 3537 380 3601 in
410 3558 508 3602 eruce.
556 3537 664 3615 Quare
694 3537 825 3600 videtur
851 3558 918 3601 esse
948 3537 988 3601 do
1018 3537 1125 3600 inten-

79 3642 164 3706 tione
197 3641 233 3703 B.
264 3639 444 3724 Augustini
481 3638 568 3723 quod
601 3658 697 3701 nemo
727 3638 824 3702 debet
854 3639 981 3702 credere
1012 3659 1125 3700 verum

79 3763 142 3807 esse
169 3741 261 3817 illud
289 3740 342 3805 cui
368 3761 433 3803 non
460 3740 557 3804 debet
583 3739 770 3803 consentire.
820 3739 942 3803 Tarnen
970 3737 1126 3822 lllagiater

29 3877 31 3880 ·
79 3864 165 3908 meus
191 3843 286 3906 docet
310 3841 511 3926 oppositum3
535 3841 620 3924 quia,
644 3861 703 3925 per
726 3840 911 3924 opinionem
935 3839 1013 3924 ejus,
1038 3861 1125 3904 nunc

79 3951 125 4008 ast
148 3965 264 4009 verum
295 3943 384 4026 quod
413 3941 560 4005 diabolus
590 3948 639 4005 est
665 3941 700 4005 in
724 3942 813 4018 ooelo,
841 3947 875 4005 et
901 3947 1011 4005 tamen
1038 3962 1125 4005 nunc

79 4046 183 4111 nullus
200 4042 348 4110 diabolus
367 4047 416 4109 ost
434 4043 470 4107 in
489 4042 576 4109 coelo.
623 4041 781 4107 Similiter
796 4043 918 4107 veritas
942 4047 991 4108 ast
1013 4064 1125 4108 secun·

82 4278 129 4287 a—

112 4448 118 4477 ¹
129 4447 255 4512 diuam]
269 4448 396 4508 docentur,
403 4452 457 4498 text
464 4447 493 4496 oi
499 4447 535 4498 St.
543 4447 576 4496 Λ.
660 4450 669 4478 ³
686 4447 792 4513 credere]
806 4448 927 4511 confiteri,
939 4455 993 4500 text
1006 4449 1036 4498 of
1044 4448 1080 4500 St.
1090 4448 1124 4497 Λ.

113 4527 166 4574 ἰιι
183 4525 265 4590 oliui]
285 4528 324 4585 ud,
335 4527 391 4578 MS.
427 4527 497 4579 Corr.
511 4527 577 4577 from
663 4528 735 4591 'quq
754 4543 809 4592 qne,
821 4528 880 4578 MS.

83 4610 132 4654 text
143 4604 172 4654 oi
180 4605 216 4657 St.
229 4605 263 4654 A.
