3158 5490
563 727 688 781 rulers
710 727 784 780 aun
806 728 1020 780 nocuunrrs.
1244 715 1309 782 403

259 915 348 983 omni
372 916 512 1004 tempori
535 916 696 1004 prasenti,
720 917 896 1003 praeterito,
920 922 955 982 et
974 916 1095 995 futuro,
1118 936 1192 982 cum
1213 937 1309 983 omne

259 1020 345 1107 quod
367 1021 433 1084 suit
455 1021 510 1084 vel
535 1020 607 1097 erit,
635 1020 680 1084 sit
707 1019 778 1086 Deo
808 1040 958 1105 presens
1004 1017 1050 1084 Et
1079 1039 1155 1085 cum
1185 1019 1309 1085 Doctor

258 1125 303 1188 sit
324 1129 395 1187 tam
419 1127 534 1208 potens
560 1123 716 1187 insensu
741 1121 926 1208 Scripturas,
961 1126 996 1187 et
1024 1121 1207 1208 specialiter
1236 1143 1310 1207 pro-

259 1225 404 1312 pheticae,
421 1224 479 1288 ubi
502 1225 564 1289 iste
590 1225 706 1289 modus
732 1224 885 1309 loquendi
909 1230 960 1290 est
981 1221 1143 1302 crebrior,1
1168 1245 1247 1310 rogo
1270 1230 1311 1290 ut

259 1328 361 1394 addat
384 1326 544 1392 rationem
567 1349 661 1391 suam
687 1326 857 1402 novellam,
879 1333 920 1392 ut
943 1331 1156 1413 aggregatum
1183 1347 1225 1391 ex
1251 1326 1310 1391 illa

260 1436 294 1495 et
324 1429 460 1513 antiqua
489 1428 533 1494 sit
563 1429 813 1515 praeponderans
843 1429 927 1495 vitio
957 1429 1045 1515 quod
1075 1429 1160 1493 male
1189 1428 1309 1495 intelli-

258 1537 372 1618 gentes
387 1530 449 1595 sibi
471 1531 666 1617 imponunt:
691 1531 733 1595 ad
748 1531 809 1595 hoc
823 1531 911 1596 enim
925 1531 1113 1596 introduxit
1133 1531 1198 1596 ista
1219 1531 1310 1596 rudi·

259 1640 372 1699 menta
407 1635 629 1719 grammaticae
663 1638 698 1698 et
733 1633 837 1700 dictas
871 1634 1083 1699 auctoritates
1121 1632 1307 1719 Scripturas,

260 1758 326 1802 non
356 1740 396 1801 ut
430 1734 454 1799 J
456 1735 599 1801 ohannes
636 1735 672 1799 in
708 1735 845 1801 novellis
867 1740 1019 1821 argueret
1050 1734 1236 1801 Johannsm
1273 1736 1309 1800 in

259 1837 411 1923 antiquis.
458 1837 656 1904 Conceditur
677 1840 790 1901 tamen
805 1859 878 1901 curn
903 1836 1044 1902 Doctore
1067 1837 1154 1922 quod
1177 1837 1308 1903 rudium

258 1941 553 2025 grammaticorum,
582 1943 617 2004 et
654 1938 893 2025 polemicorum,
925 1960 963 2003 ac
1000 1939 1138 2004 aliorum
1169 1960 1308 2024 qnorum

259 2042 387 2107 animus
410 2048 460 2108 est
481 2041 766 2128 phantasmatibus
788 2041 1017 2127 temporalium
1040 2041 1217 2118 involutus,
1241 2064 1309 2108 non

259 2149 309 2209 est
331 2144 376 2210 sic
399 2145 496 2230 loqui,
513 2166 587 2209 oum
609 2143 797 2229 margarites
821 2165 887 2209 non
909 2149 987 2208 sunt
1009 2144 1199 2230 spargendae
1221 2144 1309 2209 inter

259 2267 390 2332 porcos;
421 2246 478 2311 sed
503 2246 734 2310 altissimorum
758 2245 982 2332 theologorum
998 2266 1035 2310 ac
1055 2267 1109 2310 eos
1124 2245 1309 2331 intelligen-

259 2349 352 2428 tium,
369 2349 500 2436 quando
520 2349 701 2434 loquuntur
725 2348 766 2413 de
781 2348 977 2414 veritatibus
999 2369 1097 2433 supra
1119 2353 1256 2433 tempus,
1273 2353 1308 2413 et

258 2450 391 2535 praeter²
407 2456 543 2536 tempus,
561 2450 644 2515 illud
658 2449 861 2536 mysterium.
908 2448 1124 2535 Metaphysioi
1138 2448 1307 2533 loquentes

259 2551 299 2616 de
329 2553 525 2617 veritatibus
554 2553 622 2616 suis
659 2551 799 2628 aeternis,
831 2550 995 2616 subticent
1017 2551 1110 2636 signa
1132 2551 1307 2635 temporis;

259 2652 429 2739 Scriptura
450 2654 552 2740 igitur
580 2654 666 2719 foret
695 2652 769 2739 plus
798 2654 920 2739 sapida,
952 2653 980 2716 si
1011 2651 1133 2717 Doctor
1158 2651 1307 2737 juvando

201 2787 203 2790 ⁴
257 2777 310 2820 me
325 2755 425 2820 vellet
447 2777 607 2843 apponere
630 2755 791 2820 rationem
821 2776 921 2839 quare
944 2753 1113 2839 Scriptura
1138 2753 1183 2818 sic
1204 2753 1308 2838 loqui-

258 2863 315 2922 tur
327 2880 335 2936 ;
369 2858 456 2943 quod
490 2858 585 2925 credo
616 2858 652 2922 in
674 2858 739 2922 fine
766 2857 871 2933 faciet,
896 2857 958 2923 etsi
984 2855 1069 2921 celat
1097 2855 1141 2922 ad
1169 2860 1307 2943 tempus,

257 2966 292 3025 ct
318 2966 398 3025 tunc
423 2961 531 3025 schola
551 2960 705 3046 proficiet

303 3062 361 3127 VI.
386 3063 489 3129 Sexto
519 3063 656 3128 assumit
672 3062 795 3128 Doctor
818 3062 906 3148 quod
930 3062 1097 3129 evidentia
1120 3084 1193 3129 mea
1215 3085 1307 3151 cape·
1319 3095 1453 3150 ffigsmh,

257 3171 349 3230 retur
371 3186 413 3230 ex
441 3165 502 3230 hoc
529 3166 618 3250 quod
654 3165 744 3231 Deus
779 3165 890 3230 omnia
924 3165 1093 3252 praeterita
1126 3172 1161 3232 et
1194 3165 1307 3234 futura

257 3267 413 3332 intuitive
436 3267 608 3353 cognoscit.

318 3367 467 3434 Concedo
497 3370 585 3454 quod
615 3369 684 3434 haec
713 3375 764 3434 est
793 3390 861 3433 uua
887 3369 928 3435 de
958 3366 1209 3455 potentioribus³
1238 3371 1307 3436 cvi·

257 3470 376 3535 dentiis
408 3491 489 3555 quas
518 3492 577 3556 ego
610 3471 808 3535 audiveram.
864 3471 1019 3556 Discrepo
1048 3477 1160 3538 tamen
1190 3472 1234 3537 ab
1268 3493 1306 3538 co

257 3572 293 3635 in
330 3572 427 3636 modo
457 3572 612 3658 loquendi
646 3573 750 3658 logico
780 3578 815 3638 et
848 3573 1070 3660 metaphysico
1082 3596 1091 3652 ;
1128 3575 1206 3659 quia
1235 3574 1306 3640 dico

257 3695 330 3737 cum
365 3672 396 3739 S.
428 3673 565 3738 Thoma⁴
594 3674 683 3758 quod
721 3675 832 3740 omnia
864 3676 1045 3761 praesentia,
1077 3677 1244 3762 praeterita
1273 3681 1308 3742 et

257 3775 369 3840 futura
401 3774 491 3840 Deus
521 3776 675 3841 intuitive
705 3777 876 3862 cognoscit
922 3776 1042 3842 Omnia
1067 3782 1178 3843 autem
1207 3779 1307 3865 possi-

257 3876 337 3940 bilia
369 3897 442 3961 quae
482 3899 548 3941 non
590 3877 712 3943 habent
754 3879 962 3944 existentiam
1002 3880 1038 3943 in
1077 3901 1194 3966 genere
1233 3901 1307 3966 cog-

257 3979 361 4042 noscit
376 4000 469 4063 reque
485 3978 633 4063 perfecte,
651 3980 727 4044 lieet
749 3981 854 4045 solum
876 3980 995 4045 notitia
1016 3981 1171 4067 simplicis
1193 4004 1306 4068 appre-

256 4079 419 4143 hensionis
437 4104 445 4159 3
468 4080 525 4145 sed
547 4080 839 4147 contradictionem
861 4081 1029 4147 formalem
1051 4083 1175 4148 claudit
1197 4083 1305 4149 Deum

257 4180 431 4266 quicquam
461 4202 659 4267 cognoscere,
683 4182 746 4247 nisi
776 4183 1063 4269 proportionaliter
1086 4184 1208 4250 babeat
1230 4207 1305 4250 esse.

259 4281 338 4346 Ideo
353 4283 583 4348 instruxerunt
598 4305 657 4349 nos
672 4284 778 4349 sancti
791 4285 939 4351 doctores
961 4286 1124 4372 quomodo
1148 4292 1305 4353 creaturae

502 4439 580 4445 ..-....
1083 4444 1244 4452 ——.—-—.--.
1252 4445 1306 4452 ...-

292 4524 298 4552 ¹
311 4521 429 4589 crebrior]
443 4523 561 4597 crebriq„
574 4523 630 4576 MS.
840 4527 850 4556 ²
855 4526 1043 4593 potmtroritus]
1057 4526 1185 4592 poteuoiis,
1196 4527 1253 4579 MS.

292 4603 414 4667 2ρνιτιεν]
440 4618 527 4667 prope,
546 4604 602 4654 MS.
638 4603 722 4656 There
738 4603 760 4656 is
839 4605 848 4636 ⁴
860 4606 908 4659 Th.
921 4607 1047 4673 Aquinas,
1059 4607 1170 4670 Summa,
1182 4619 1200 4657 1.
1212 4621 1253 4672 qu.
1268 4610 1305 4666 14,

259 4695 294 4730 no
305 4687 360 4745 stop
372 4681 399 4730 in
411 4681 467 4734 MS.
480 4683 544 4735 attor
552 4685 693 4748 mysterium.
806 4693 852 4737 art.
868 4691 906 4746 12,
920 4690 958 4740 13.
