3158 5490
574 736 762 790 sesamum
784 737 1009 790 marmorum
1276 727 1318 793 69

264 925 314 989 ita
329 925 484 990 debemus
498 947 558 990 nos
573 926 694 1003 docere,
710 925 768 991 sed
782 926 973 1011 exponendo
996 924 1100 990 dicere
1122 924 1211 1010 quod
1235 925 1320 991 sicut

265 1026 367 1091 herba
392 1028 503 1092 virens
526 1034 601 1113 post
624 1027 794 1113 paululum
819 1026 955 1108 arescit3
977 1025 1024 1091 sic
1047 1047 1121 1092 caro
1140 1027 1319 1112 juventute

263 1128 318 1193 vel
347 1128 491 1193 sanitate
519 1129 636 1193 florida
665 1135 740 1215 post
768 1129 932 1193 modicum
961 1128 1097 1194 deficiet
1157 1128 1213 1194 Sic
1232 1151 1319 1217 ergo

262 1230 389 1295 dictum
412 1252 523 1295 meum
547 1237 682 1296 excusat
705 1230 911 1316 Augustinus
937 1230 1025 1314 quod
1051 1250 1111 1295 nec
1133 1251 1318 1316 perversam

265 1330 447 1396 doctrinam
476 1353 536 1397 nec
564 1333 732 1397 sinistram
760 1332 864 1407 trado,
896 1332 1027 1416 quando
1056 1337 1167 1418 aperte
1193 1337 1227 1398 et
1248 1333 1319 1398 sine

264 1433 380 1519 figuris
405 1433 603 1518 loquendum
628 1455 697 1499 esse
716 1435 845 1499 suadeo.

312 1534 360 1598 ΙΙ.
384 1533 532 1601 Secundo
561 1536 598 1600 in
628 1537 740 1601 eodem
771 1535 880 1621 arguit
911 1534 1069 1621 Magister
1105 1541 1218 1600 contra
1254 1557 1460 1633 magma„

261 1635 345 1721 quia
369 1636 439 1700 dixi
458 1639 545 1722 quod
570 1638 600 1702 si
625 1637 661 1701 in
686 1637 802 1702 scholis
827 1637 943 1701 modus
964 1636 1118 1722 loquendi
1140 1630 1431 1722 Scripturaeh00011·

261 1743 450 1802 servaretur
478 1760 519 1804 ex
548 1739 683 1825 integro,
714 1761 781 1804 non
811 1760 953 1803 essemus
982 1739 1127 1803 doctores
1153 1738 1210 1802 sed
1239 1738 1319 1804 reci·
1328 1699 1385 1813 (ἐξ
1379 1713 1476 1830 affl,

262 1844 393 1915 totores,
440 1846 484 1905 ot·
511 1841 745 1927 superfluerent
783 1861 894 1906 omnes
929 1839 1051 1925 glossae,
1090 1845 1209 1925 praeter
1245 1830 1462 1948 illasgfigjfeg‘

263 1960 337 2026 quae
366 1940 533 2007 sufficiunt
561 1943 604 2007 ad
640 1943 890 2029 praedicandum.
937 1940 1003 2005 Hic
1040 1940 1120 2005 dicit
1158 1940 1317 2028 Magister
1328 1964 1370 2012 the
1380 1962 1458 2028 scrip-

263 2043 352 2126 quod
377 2042 446 2108 haec
473 2044 700 2109 conditionalis
726 2050 776 2109 est
800 2042 1015 2129 impossibilis,
1039 2043 1096 2107 sed
1118 2064 1185 2107 non
1199 2030 1393 2130 probatmffi
1401 2033 1475 2081 ”¹⁰⁶0

261 2142 330 2209 hoc
378 2144 483 2210 Credo
512 2152 624 2210 tamen
653 2146 741 2231 quod
769 2167 828 2231 per
856 2144 917 2210 hoc
946 2144 1056 2209 innuit
1082 2166 1212 2209 omnem
1241 2095 1487 2228 con-giffiing

263 2245 452 2312 ditionalem
467 2269 579 2312 veram
595 2269 663 2312 esse
678 2246 941 2331 consequentiam
956 2246 1177 2324 necessariam,
1202 2253 1236 2312 et
1258 2270 1316 2334 per
1328 2228 1465 2344 mppria
1482 2298 1486 2348 g

261 2366 459 2433 consequens
501 2370 629 2414 omnem
670 2348 785 2413 falsam
820 2369 887 2413 esse
924 2347 1177 2433 impossibilem
1216 2370 1316 2434 quam
1328 2360 1473 2423 expositos,

261 2448 406 2534 regulam
436 2472 504 2514 non
534 2455 661 2536 oportet
690 2472 743 2515 me
768 2449 949 2524 admittere,
982 2449 1060 2533 quia
1085 2449 1121 2513 in
1147 2427 1427 2542 evangeliolc'ff

261 2549 343 2615 dicit
382 2550 540 2628 Christus,
583 2550 627 2618 a·
663 2572 717 2617 uae
751 2549 924 2636 persecuti
960 2556 1052 2627 aaut,
1092 2557 1122 2614 et
1152 2571 1209 2615 cos
1238 2573 1316 2636 per·
1345 2632 1350 2641 Ι

260 2658 454 2737 sequentur.
499 2651 542 2718 Se'
572 2674 628 2736 epo
650 2673 724 2717 noa
752 2651 921 2718 venissem
950 2657 980 2715 et
1010 2649 1143 2715 loeutus
1166 2650 1215 2716 eis
1244 2673 1319 2718 coa

262 2751 388 2829 essem)
409 2760 589 2837 peccatum
617 2774 691 2819 coa
719 2752 885 2818 haberent.
930 2750 973 2817 Se'
1004 2765 1059 2835 ego
1089 2772 1162 2815 aere
1195 2751 1317 2829 abiero,

260 2852 464 2920 Paracletus
498 2877 572 2921 noa
608 2853 741 2921 veniet.2
786 2855 831 2919 Et
869 2853 959 2917 Elias
996 2853 1039 2917 ad
1069 2852 1236 2918 Eliseum:
1276 2854 1320 2921 St

260 2954 401 3033 videris
419 2955 536 3041 inquit,
554 2956 694 3041 quaudo
710 2955 810 3022 tollor
829 2977 853 3020 c
876 2962 905 3020 te
921 2953 986 3020 erit
1009 2953 1100 3039 quod
1118 2953 1264 3040 petisti,³
1286 2963 1320 3022 et

260 3057 312 3121 ita
341 3059 383 3123 de
412 3058 526 3122 multis
556 3057 838 3134 conditionalibus,
871 3078 945 3143 quae
982 3078 1069 3121 verae
1105 3049 1239 3122 fuerumt
1276 3059 1320 3122 ad

259 3177 392 3223 sensum
422 3159 675 3245 praeferentium,
708 3165 742 3224 et
779 3164 890 3223 tamen
928 3158 1161 3244 contingentes.
1208 3159 1319 3224 Etiam

259 3261 379 3325 modus
413 3261 569 3345 loquendi
602 3261 691 3346 apud
725 3261 887 3346 sapientes
920 3260 982 3324 hoc
1022 3259 1130 3335 habet,
1169 3266 1209 3325 ut
1246 3282 1320 3327 con-

258 3361 356 3426 cedat
380 3361 612 3427 conditionales
635 3383 709 3447 quac
733 3383 802 3427 non
829 3360 956 3448 [sunt]⁴
979 3362 1224 3447 consequentiae,
1242 3363 1321 3448 quia

257 3462 358 3527 aliter
384 3462 542 3550 Magister
563 3485 655 3529 meus
678 3463 876 3549 obligaretur
901 3464 944 3528 ad
967 3464 1173 3549 impossibile.
1223 3465 1319 3544 Quod

259 3562 307 3628 sic
331 3564 454 3649 probo:
480 3586 557 3628 nam
581 3565 650 3651 ipse
677 3570 726 3629 est
750 3564 889 3648 juratus,
920 3568 960 3629 ut
989 3586 1143 3651 suppono,
1174 3567 1262 3650 quod
1292 3568 1320 3632 si

258 3663 403 3748 aliquem
418 3666 548 3730 noverit
574 3666 614 3730 de
636 3667 881 3751 perturbatione
904 3666 992 3751 pacis
1014 3666 1227 3752 probabiliter
1250 3689 1319 3733 sus·

259 3771 399 3850 pactum,
424 3767 547 3852 ipsum
586 3767 785 3833 cancellario
823 3767 1042 3832 denunciabit.
1110 3768 1156 3833 Et
1193 3775 1319 3834 certum

260 3872 311 3931 est
325 3867 415 3952 quod
429 3867 499 3932 haec
525 3869 756 3954 consequentia
781 3890 848 3934 non
872 3869 968 3945 valet,
993 3891 1069 3954 ergo
1091 3871 1319 3937 conditionalis

259 3974 311 4032 est
324 3968 540 4053 impossibilis
587 3970 633 4034 Et
660 3969 819 4055 Magister
843 3992 935 4035 meus
961 3970 1126 4056 obligatur
1156 3973 1199 4037 ad
1228 3973 1319 4037 illam

259 4090 319 4155 per
327 4068 562 4154 juramentum,
579 4092 656 4157 ergo
671 4071 836 4156 obligetur
850 4073 893 4137 ad
907 4071 1123 4156 impossibile:
1148 4074 1236 4158 quod
1251 4095 1318 4139 non

258 4176 312 4236 est
330 4170 460 4256 justum
480 4192 541 4237 nec
564 4173 686 4237 rationi
709 4195 893 4238 consonum.

292 4490 303 4521 ¹
316 4491 403 4557 essem]
421 4493 543 4557 lesbum,
554 4493 611 4547 MS.
850 4496 939 4564 *κακῇ
958 4497 985 4548 A
997 4498 1074 4548 blank
1086 4498 1112 4548 in
1127 4499 1184 4550 MS.
1217 4497 1269 4549 But
1280 4513 1321 4549 sec

294 4568 388 4620 ’John
399 4587 444 4621 xv.
456 4574 614 4632 20,22.xri.
627 4578 650 4626 ⁷.
817 4583 879 4627 next
889 4591 960 4642 page,
970 4576 1054 4628 where
1065 4578 1107 4628 the
1118 4577 1207 4642 phrase
1218 4591 1311 4628 reeurs.

292 4645 516 4716 ‘annania
