3158 5490
262 698 327 762 382
575 705 754 757 meucurr
776 702 1001 754 zrzrrroruu.

259 909 380 995 priotio
409 908 623 983 eeclesiarum,
654 905 822 991 potissime
847 902 1000 977 foeminis,
1030 906 1082 965 est
1104 904 1223 966 oontro
1254 897 1316 963 Dei

261 1009 506 1076 ordinationem
552 1008 633 1074 Ideo
659 1007 738 1084 dixi,
767 1007 855 1093 quod
878 1006 940 1070 iste
970 1003 1084 1068 doctor
1115 1001 1209 1077 dicit,
1235 1000 1317 1066 tales

260 1112 412 1176 mulieres
457 1132 525 1176 esee
562 1115 701 1175 rectores
737 1107 942 1175 eeclesiarum
987 1101 1229 1192 parochialium
1268 1105 1318 1168 eat

150 1258 154 1265 -
261 1219 376 1279 eontra
398 1211 637 1278 ordinationem
660 1209 732 1275 Dei

765 1445 857 1512 XIV.

309 1591 568 1672 Quartodecimo,
596 1591 683 1679 quod
712 1592 804 1657 nullu
826 1592 927 1657 misso
948 1590 1126 1657 sacerdotis
1148 1612 1220 1657 non
1245 1610 1318 1677 pro·

263 1695 333 1760 ficit
363 1696 535 1761 animabus
568 1717 627 1781 pro
661 1695 780 1779 quibus
801 1694 952 1772 eelebrat,
984 1693 1042 1759 sed
1071 1692 1185 1780 potius
1220 1696 1318 1780 auget

263 1818 402 1881 poenam.

310 1899 392 1964 Dixi
429 1900 517 1985 quod
550 1899 724 1986 Gregorius
757 1897 838 1965 dioit
870 1899 907 1963 in
941 1896 1166 1963 Paetorolibm
1190 1897 1242 1983 (et
1269 1902 1317 1961 eet

265 2015 315 2063 nr
344 2022 397 2085 qu.
427 2000 457 2076 7,
496 2000 546 2066 In
582 1999 768 2086 mutibus).
816 2010 834 2037 “
850 1999 935 2066 oum
971 1997 1029 2076 is,”
1067 1999 1189 2085 inquit,
1233 1997 1318 2085 “qui

266 2110 284 2135 “
300 2100 464 2186 displicet¹
503 2104 546 2167 ad
576 2103 843 2168 intercedendum
880 2101 1035 2180 mittitur,
1073 2101 1156 2166 irati
1188 2101 1318 2165 animm

269 2202 537 2286 “proculdubio
587 2205 630 2268 ad
676 2204 838 2269 deteriora
877 2198 1101 2289 provocatur.''
1147 2199 1315 2287 Scriptum

266 2302 385 2387 quippe
416 2309 465 2367 est
495 2305 590 2369 Prov.
615 2322 671 2369 xv.
703 2309 732 2383 8,
774 2303 932 2370 Victima}
962 2302 1162 2390 emptorum
1191 2300 1318 2369 aborret

265 2401 398 2469 nobiles
420 2411 503 2471 eunt
524 2405 618 2483 Deo,2
639 2412 716 2472 vote
732 2404 909 2490 justorum
926 2401 1126 2491 puwobtlio

301 2741 376 2804 'qui
401 2738 524 2808 ‹lieplicot]
561 2743 675 2806 displicet
713 2742 764 2807 qui,
848 2744 925 2791 ’eunt
938 2740 1005 2807 Deo]
1019 2741 1137 2801 Domino,
1149 2741 1231 2807 Vulg.

290 2836 365 2869 ooooo
1179 2856 1182 2861 .

268 2820 289 2869 C
