3008 5490
474 774 655 830 rascrcou
677 778 901 831 zrzssrcaun
1147 764 1212 832 293

204 952 335 1049 Quippe
349 962 443 1050 vulgi
465 962 744 1045 communitatem,
768 989 867 1052 quam
890 965 980 1053 prius
1004 964 1083 1052 [in]¹
1100 987 1210 1053 regern
1222 973 1272 1022 and
1286 973 1377 1027 rtirreo

160 1058 276 1151 llfflss,
316 1069 351 1129 el
383 1066 539 1144 dominos
577 1089 615 1132 ec
646 1068 806 1154 praelatos,
840 1090 1003 1132 armorum
1034 1069 1131 1133 simul
1162 1040 1300 1154 θΰξξῃίῗ

156 1162 266 1231 ΜΒ
287 1165 461 1252 insignitos
483 1174 639 1245 erexerat,
671 1169 847 1254 praevalere
869 1192 935 1235 non
957 1190 1051 1255 posse
1081 1170 1207 1254 conspi-
1220 1171 1318 1236 against
1329 1187 1377 1223 our

155 1262 266 1342 cionem
304 1267 410 1342 modo,
443 1268 532 1353 quod
564 1274 684 1334 vestrm
714 1269 929 1334 dominationi
958 1271 1111 1355 piissimae
1140 1239 1362 1355 Soloprppqpmt

152 1372 252 1431 netu
271 1368 430 1455 compulsi
451 1375 618 1456 gementes
640 1371 815 1451 referimus,
831 1372 951 1436 nedum
966 1373 1037 1457 ipsa
1058 1371 1210 1435 inferiora

151 1466 299 1555 publicas
321 1469 370 1533 rei
391 1470 546 1548 membra,
569 1471 628 1535 sed
649 1478 684 1535 et
705 1475 804 1558 caput
833 1472 949 1557 ipsum,
973 1494 1047 1536 cum
1068 1477 1209 1556 utroque

151 1566 300 1647 buchio,
323 1575 439 1636 contra
460 1571 620 1657 simplices
648 1572 822 1658 religiosos,
854 1578 889 1636 et
911 1573 1027 1636 fratres
1049 1573 1209 1657 praecipue

148 1664 389 1747 mendicantes,
421 1692 525 1756 usque
555 1673 590 1736 in
622 1673 766 1759 ipsorum
795 1693 917 1750 necem,
939 1673 1153 1758 perditionem
1175 1677 1210 1736 et

149 1771 392 1835 exterminium
413 1773 562 1858 generale
586 1773 665 1838 totis
686 1774 807 1838 nititur
828 1774 954 1838 viribus
980 1773 1148 1837 concitare.

210 1868 312 1951 Quod
333 1877 372 1938 ut
393 1871 520 1938 facilius
543 1873 586 1938 ad
615 1874 767 1939 effectum
796 1896 901 1959 usque
931 1874 1096 1959 perducat,
1120 1873 1207 1937 idern
1220 1883 1350 1949 charging

147 1976 252 2061 pater
288 1973 449 2037 mendacii
487 1975 703 2057 quorumdam
734 1975 1039 2060 pseudodoctorum
1068 1974 1205 2059 linguas,
1218 1951 1338 2067 ffissellffffin

148 2077 274 2161 utpote
305 2075 435 2161 propria
467 2074 613 2138 membra
640 2077 758 2161 spiritu
780 2098 839 2140 suo
861 2096 1003 2160 nequam
1026 2076 1204 2160 exagitans,
1217 2097 1298 2133 onus

149 2172 190 2239 ‘m
210 2178 328 2239 tantas
357 2174 451 2239 laxat
483 2175 708 2260 blasphemias,
732 2180 772 2241 ut
793 2175 830 2238 in
856 2176 934 2261 ipsis
963 2176 1098 2240 auribus
1128 2177 1205 2240 cleri

150 2274 255 2339 nul
272 2280 309 2339 et
328 2275 441 2361 populi
463 2275 604 2340 clament
626 2282 660 2340 et
682 2282 828 2341 asserant
849 2275 979 2362 publice
1003 2298 1062 2342 nos
1078 2283 1111 2341 et
1127 2300 1206 2362 qua-

150 2378 233 2441 tuor
266 2375 397 2442 ordines
426 2383 553 2442 nostros
588 2398 718 2441 carrsam
752 2377 850 2441 fuisse
888 2377 991 2442 totius
1020 2378 1205 2443 rebellionis

149 2475 278 2563 populi,
301 2498 388 2542 anno
410 2477 528 2543 ultimo
559 2483 672 2543 contra
702 2478 872 2542 dominum
902 2485 1050 2543 nostrum
1084 2500 1203 2564 regem,

150 2581 188 2643 et
221 2576 372 2642 dominos
404 2576 572 2664 proceres,³
595 2584 665 2643 tam
695 2579 871 2643 enormiter
894 2579 1099 2665 insurgentis.
1147 2579 1203 2644 Ad

150 2698 257 2765 quam
286 2677 419 2762 quidem
441 2679 652 2744 assertionem
684 2701 777 2743 suam
808 2679 1018 2765 probandam,
1044 2679 1205 2765 improba·

149 2776 237 2844 biles
258 2779 391 2865 penitus
413 2778 546 2865 fingunt
568 2801 688 2845 causas

152 2882 157 2889 '
197 2878 312 2945 Primo
349 2880 510 2965 siquidem
543 2881 638 2945 nobis
672 2881 846 2966 imponunt
879 2882 969 2966 quod
1001 2903 1060 2948 nos
1092 2886 1329 2956 nostrarirseas

149 2980 394 3047 mendicatione
428 2981 538 3047 dolosa
571 2981 727 3046 fallaciter
756 2982 844 3046 bona
874 2982 986 3068 populi
1020 2983 1201 3068 spoliamus,
1214 2962 1310 3075 ἔξω

149 3081 188 3147 in
222 3086 366 3161 tantum,
405 3087 444 3147 ut
481 3081 621 3167 fingunt,
655 3083 743 3167 quod
775 3082 879 3147 multo
910 3083 1050 3168 amplius
1083 3043 1330 3148 nostrisvedmed

149 3182 451 3249 mendicationibus
474 3183 713 3268 depauperatus
734 3183 958 3260 communitas,
992 3205 1091 3268 quarn
1113 3185 1202 3248 taxis
1214 3158 1355 3273 {emble

149 3284 381 3351 communibus
411 3290 471 3347 eut
501 3283 574 3348 aliis
604 3283 851 3368 quibuscunque
887 3284 1029 3369 tallagiis
1063 3284 1201 3348 aliunde
1215 3296 1324 3352 support.

149 3384 255 3451 Unde
286 3384 486 3450 concludunt
519 3406 579 3449 nos
610 3406 678 3448 esse
709 3405 840 3448 causam
870 3385 974 3449 totius
1011 3384 1202 3469 indigentiae

149 3485 267 3573 plebis,
291 3506 357 3570 qua
391 3485 548 3570 compulsi
570 3485 704 3549 fuerumt
726 3485 892 3570 insurgere
913 3491 1027 3549 contra
1048 3506 1200 3570 proceres,

149 3592 192 3653 ut
213 3585 370 3651 feoenmt.
397 3585 405 3599 ’

196 3686 349 3752 Secundo
387 3686 482 3752 nobis
519 3686 693 3772 imponunt
732 3687 821 3770 quod
853 3707 919 3761 nos,
955 3686 1033 3770 quia
1063 3707 1130 3750 non
1161 3687 1202 3751 de
1215 3713 1341 3784 semp,

149 3808 249 3876 opere
270 3787 425 3862 manuali,
450 3788 508 3851 sed
537 3788 577 3851 de
608 3787 677 3853 sola
705 3786 944 3851 mendicatione
973 3792 1131 3863 nostrum,
1163 3755 1350 3851 utarhavin}

149 3890 290 3976 lingunt,
323 3888 451 3953 victum
482 3888 680 3972 acquirimus
703 3887 807 3961 otiosi,
833 3887 980 3950 dedimus
1003 3888 1200 3952 occasionem
1213 3855 1295 3977 31?ss
1305 3869 1350 3968 {f

149 3990 254 4056 servis
288 3989 503 4064 dominorum,
537 3995 571 4053 et
608 3988 737 4052 rusticis
778 3987 987 4052 conformiter
1032 3989 1200 4072 evagandi
1213 3983 1369 4034 memens-

149 4090 252 4157 Unde
285 4088 485 4155 concludunt
516 4110 577 4162 eos,
609 4093 719 4152 nostro
757 4088 906 4172 exemplo
936 4110 1093 4172 perverso,
1128 4062 1301 4152 con-⁰⁸⁰⁰*

149 4191 287 4276 templis
324 4189 491 4254 laboribus
524 4188 694 4263 consuetis,
730 4193 844 4252 contra
877 4208 951 4251 suos
983 4188 1131 4253 domines
1153 4210 1202 4253 re·

150 4291 296 4358 bellasse

181 4570 410 4637 ¹1⁴⁸]notinMS.

179 4647 438 4716 ‘mummia
