3158 5490
567 733 693 787 rmore
707 735 789 793 ¹mm
811 736 1025 796 nocormrs.
1248 725 1314 792 495

762 923 822 989 XI.

329 1045 424 1126 Quod
462 1047 571 1112 nullus
604 1048 760 1134 praelotus
796 1049 894 1115 debet
921 1049 1065 1135 aliquem
1093 1051 1314 1116 exeommuni-

270 1170 352 1225 eore,
375 1149 439 1213 nisi
462 1149 552 1236 prius
574 1149 656 1217 sciat
678 1150 786 1237 ipsum
809 1152 1126 1219 excommunicatum
1148 1176 1169 1218 o
1191 1153 1269 1219 Deo.

728 1321 730 1325 ’
751 1350 834 1418 xrr.

314 1477 402 1544 Item
425 1478 514 1563 quod
535 1477 581 1543 sio
604 1476 887 1545 excommunicans
916 1499 958 1545 ex
989 1477 1050 1546 hoe
1072 1479 1117 1546 sit
1143 1477 1315 1548 haereticus

268 1581 321 1646 vel
346 1580 654 1663 excommuniootuo.

743 1769 844 1835 XIII.

313 1885 400 1950 Item
432 1885 519 1970 quod
557 1885 713 1970 praelatus
750 1885 1033 1949 excommunicans
1071 1885 1220 1951 clericum
1257 1888 1315 1972 qui

268 1986 445 2073 appellavit
467 1987 510 2050 od
531 2007 641 2072 regem
672 1995 707 2054 et
738 1986 911 2053 concilium
943 1987 1035 2076 regni
1067 2008 1105 2053 eo
1136 1989 1222 2075 ipoo¹
1247 1993 1314 2056 tra·

267 2089 354 2156 ditor
376 2094 426 2156 est
450 2088 522 2167 Dei,
545 2088 631 2175 regis
653 2093 688 2154 et
708 2089 810 2175 regni.

743 2302 836 2368 XIV.

311 2417 397 2483 Item
420 2419 507 2503 quod
530 2417 579 2482 illi
601 2417 659 2503 qui
683 2417 859 2483 dimittunt
892 2418 1076 2503 praedieare,
1108 2441 1165 2485 seu
1199 2420 1312 2486 audire

265 2520 402 2585 verbum
440 2518 503 2583 Dei
535 2519 589 2584 vel
632 2519 845 2606 evangelium,
885 2525 1017 2605 propter
1053 2523 1312 2586 excommunico·

264 2622 387 2686 tionem
424 2621 602 2699 hominurn,
637 2626 715 2686 eunt
752 2622 1030 2698 exeommunicati,
1067 2620 1153 2708 [et]⁹
1185 2622 1222 2686 in
1258 2623 1312 2688 die

260 2723 377 2808 judieii
400 2723 575 2789 traditores
598 2721 663 2788 Dei
685 2722 900 2790 habebuntur.

721 2884 725 2888 ·
749 2940 822 3005 XV.

309 3055 396 3119 Item
426 3074 564 3119 emerere
587 3056 676 3139 quod
706 3055 803 3121 liceat
831 3054 942 3132 elicui,
968 3054 1068 3120 etiam
1100 3056 1235 3121 diacono
1257 3056 1310 3121 vel

262 3158 461 3248 presbytero,
494 3157 669 3241 proedioore
692 3157 830 3222 verbum
863 3156 926 3221 Dei
961 3158 1083 3243 absque
1114 3158 1309 3225 auctoritate

262 3260 347 3322 sedis
369 3259 560 3344 apostolioee,
591 3258 645 3324 vel
667 3259 809 3347 episcopi
831 3257 990 3336 catholici,
1014 3280 1073 3327 eeu
1094 3259 1159 3326 alia
1181 3260 1221 3325 do
1244 3280 1311 3345 quo

261 3359 457 3427 sufficienter
479 3365 612 3425 constet.

739 3549 832 3615 XVL

305 3662 392 3728 Item
440 3685 579 3728 asserere
620 3663 707 3748 quod
756 3662 866 3728 nullus
910 3668 960 3728 est
997 3663 1147 3729 <lominus
1194 3663 1306 3740 civilis,

259 3765 367 3829 nullus
401 3771 451 3830 est
485 3766 659 3852 episcopm,
683 3764 794 3831 nullus
828 3769 878 3830 est
908 3765 1073 3853 praelotrm,
1097 3764 1176 3831 dum
1199 3771 1249 3832 ert
1271 3767 1306 3835 in

259 3867 389 3931 mortali
411 3869 549 3955 peceato

725 4055 838 4123 XVII,

301 4178 388 4245 Item
417 4180 505 4264 quod
531 4179 656 4245 domini
686 4180 880 4266 temporales
907 4184 1044 4267 poeount
1065 4180 1108 4246 od
1129 4181 1304 4248 arbitrium

257 4303 367 4347 eorum
405 4281 531 4347 auferre
568 4282 655 4349 bone
691 4282 885 4368 temporalia
917 4305 938 4348 o
970 4282 1051 4349 viris
1084 4282 1304 4350 eclesiasticis

562 4482 743 4490 --—⁴.-----.⁴
761 4483 788 4489 ....
816 4483 849 4488 .-.
867 4482 1029 4489 >um--..u

289 4619 297 4648 ¹
311 4617 375 4683 ipso]
395 4617 455 4683 ipse,
466 4618 525 4672 MS.
768 4618 774 4686 Ι
835 4619 892 4687 ²et]
912 4634 960 4668 om.
973 4618 1029 4670 MS.
