3008 5490
539 728 716 782 mscrcum
740 726 965 780 marmorum.
1205 711 1263 778 aa]

218 918 434 987 mnmaas
446 942 455 997 ;
503 919 560 982 sed
597 918 731 1005 negavit
774 918 976 1004 qualitatem,
1015 916 1145 995 scilicet,
1184 914 1273 1001 quod

215 1018 456 1101 habiliter
478 1019 617 1087 adhaesit
639 1021 735 1087 dictae
759 1021 894 1085 mulieri

728 1264 786 1328 VI.

271 1378 361 1447 Item
397 1377 461 1446 tibi
498 1379 635 1446 dicimus
666 1383 700 1442 et
730 1377 793 1461 ob
784 1398 907 1451 rc1mus
938 1377 1026 1462 quod
1063 1378 1145 1441 citra
1177 1381 1336 1441 tuumanu

219 1480 409 1561 uvantum
445 1480 675 1568 praedictum
665 1500 700 1543 m
725 1485 870 1543 nostram
905 1477 1159 1563 Norwyoensem
1192 1478 1274 1542 dice
1285 1455 1421 1587 praedifig

217 1582 334 1663 uim,
349 1604 388 1649 ac
406 1588 488 1671 post,
510 1587 544 1647 et
566 1587 679 1647 contra
701 1585 793 1645 tuam
815 1579 1004 1666 praedictam
1025 1578 1272 1663 abjurationem,
1285 1586 1363 1637 iotha

219 1686 357 1753 ssoetroe
375 1684 588 1772 parochianos
610 1682 696 1745 infru
711 1686 856 1746 nostram
881 1680 1077 1745 dioecesim
1068 1702 1104 1744 m
1126 1678 1273 1765 pluribus
1286 1652 1424 1770 Nmsss

222 1784 302 1873 qim
329 1783 485 1872 partibus,
516 1783 667 1870 vagando
698 1788 732 1847 et
762 1782 977 1859 discurrendo,
1008 1782 1075 1846 tuis
1112 1779 1273 1846 erroribus

223 1890 266 1955 ot
300 1885 485 1962 haeresibus,
524 1891 623 1969 atque
660 1883 813 1949 haeretica
849 1884 1022 1969 pravitate,
1053 1887 1087 1947 et
1123 1903 1274 1968 perversa

225 1986 377 2055 dactrim
406 1986 535 2050 inficere
573 1986 641 2050 tuis
671 1985 797 2050 viribus
834 1984 1011 2048 laborasti:
1050 1984 1155 2060 sicuti,
1187 1983 1274 2068 quod

226 2086 378 2155 dolenter
406 2085 582 2164 referimus,
614 2086 735 2151 multos
765 2108 807 2150 ex
838 2085 883 2149 eis
913 2083 1061 2162 infecisti,
1093 2106 1130 2148 ac
1160 2106 1180 2147 a
1209 2084 1274 2148 fide

227 2186 361 2255 deviare
384 2193 418 2253 et
439 2187 627 2252 haereticare
649 2188 760 2252 fecisti

275 2288 445 2370 Quantum
491 2289 534 2353 ad
584 2288 685 2353 iatum
732 2289 906 2354 articulum
944 2287 1050 2352 dictus
1088 2286 1272 2352 Willelmus

229 2390 357 2478 whyte
379 2390 547 2456 fatebatur
576 2391 672 2475 quod,
700 2391 782 2455 citra
808 2395 842 2455 et
871 2396 946 2477 post
971 2411 1063 2454 snam
1085 2389 1276 2477 praedictam

229 2492 513 2579 abjurationem,
503 2513 539 2555 m
571 2491 701 2557 dioecasi
728 2491 984 2577 Norwycensi
975 2513 1044 2576 rpse
1077 2490 1274 2577 praedicavit,

230 2600 268 2661 et
301 2593 413 2659 docuit
447 2593 566 2680 populo
603 2616 725 2658 errores
756 2601 790 2659 et
827 2593 971 2659 haereses.
1033 2592 1156 2655 Tamen
1190 2591 1277 2655 dixit

229 2694 320 2783 quod
342 2695 411 2782 ipse
441 2701 586 2780 tempore
608 2716 673 2780 quo
695 2694 740 2759 sic
763 2694 882 2773 docuit,
906 2692 1043 2758 credidit
1065 2693 1172 2778 ipsum
1193 2690 1277 2756 bene

231 2794 386 2874 docuisse,
411 2801 445 2862 et
466 2795 549 2862 bene
571 2795 690 2862 fecisse.

723 3023 800 3089 VII.

280 3156 367 3229 Item
389 3159 453 3229 tibi
486 3161 632 3239 dicimus,
666 3162 914 3247 objicimus,et
900 3163 1159 3227 tarticulamur
1191 3163 1321 3283 quodba
1290 3158 1404 3284 Inane

233 3271 317 3353 post,
348 3271 382 3329 et
412 3262 535 3330 contra¹
568 3265 756 3351 praedictam
793 3270 886 3329 tuam
916 3263 1162 3349 abjmationem,
1194 3232 1404 3328 infraballum

234 3371 380 3432 nostram
419 3367 583 3433 dioecesim
624 3366 769 3445 tenuisti,
812 3366 975 3452 scripsisti,
1018 3388 1056 3430 ac
1085 3366 1186 3431 etiam
1224 3366 1280 3431 do·

236 3468 334 3533 cuisti
365 3468 509 3554 parvrdis
541 3468 704 3532 inutiliter
734 3468 896 3554 baptisma
926 3467 1070 3544 conferri,
1103 3469 1280 3533 secundum

234 3568 337 3633 ritum
374 3590 471 3654 quem
508 3575 618 3633 servat
655 3569 786 3634 ecclesia
822 3569 980 3655 genelulis
992 3593 1000 3648 ;
1037 3591 1095 3656 pro
1126 3592 1163 3635 eo
1193 3569 1280 3655 quod

236 3691 336 3754 quam
366 3670 432 3735 cito
462 3670 571 3734 anima
602 3677 651 3735 ast
680 3671 804 3756 corpori
835 3670 930 3733 unita
959 3669 1144 3735 infunditur
1173 3671 1281 3757 gratia

236 3771 380 3856 Spiritus
414 3770 535 3847 Sancti,
559 3794 736 3858 perquam
768 3771 963 3836 sufficienter
996 3772 1150 3858 parvulus
1172 3771 1282 3859 bapti·

237 3878 340 3950 natur,
372 3879 407 3937 et
445 3895 517 3937 cum
555 3874 597 3936 ad
634 3894 736 3937 annos
766 3873 894 3937 venerit
931 3879 1083 3951 maturos,
1116 3874 1164 3938 ita
1193 3874 1282 3958 quod

236 3971 418 4061 intelligere
456 3974 537 4038 sciat
566 3974 704 4038 verbum
742 3973 814 4050 Dei,
846 3980 896 4039 est
933 3968 1129 4040 sufficienter
1166 3975 1282 4040 confir·

236 4080 352 4140 matus

283 4176 389 4242 Istum
412 4177 584 4241 articulum
608 4177 713 4242 dictus
737 4175 919 4243 Willelmus
941 4177 1064 4262 Whyte
1086 4181 1281 4252 constanter,

236 4282 272 4342 et
296 4300 444 4365 expresse
467 4280 609 4365 negavit

438 4499 585 4506 —4---
945 4502 950 4509 ,
1182 4501 1218 4509 -Ι,

578 4639 584 4668 ¹
596 4639 694 4706 cantra]
707 4648 794 4690 contra
804 4647 880 4705 tuam,
894 4640 949 4690 MS·
