<?xml version="1.0" encoding="UTF-8"?>
<!DOCTYPE html PUBLIC "-//W3C//DTD XHTML 1.0 Transitional//EN"
    "http://www.w3.org/TR/xhtml1/DTD/xhtml1-transitional.dtd">
<html xmlns="http://www.w3.org/1999/xhtml" xml:lang="en" lang="en">
 <head>
  <title>
</title>
<meta http-equiv="Content-Type" content="text/html;charset=utf-8" />
  <meta name='ocr-system' content='tesseract 3.04.00' />
  <meta name='ocr-capabilities' content='ocr_page ocr_carea ocr_par ocr_line ocrx_word'/>
</head>
<body>
  <div class='ocr_page' id='page_1' title='image "./fasciculizizani00nettgoog_0560.png"; bbox 0 0 3008 5490; ppageno 0'>
   <div class='ocr_carea' id='block_1_1' title="bbox 528 753 1275 831">
    <p class='ocr_par' dir='ltr' id='par_1_1' title="bbox 528 753 1275 831">
     <span class='ocr_line' id='line_1_1' title="bbox 528 753 1275 831; baseline -0.013 -9"><span class='ocrx_word' id='word_1_1' title='bbox 528 768 654 822; x_wconf 71' lang='lat' dir='ltr'>rulers</span> <span class='ocrx_word' id='word_1_2' title='bbox 676 769 749 822; x_wconf 74' lang='lat' dir='ltr'>lm)</span> <span class='ocrx_word' id='word_1_3' title='bbox 774 769 985 827; x_wconf 69' lang='lat' dir='ltr'>nocumenta.</span> <span class='ocrx_word' id='word_1_4' title='bbox 1209 753 1275 831; x_wconf 79' lang='lat'>467</span> 
     </span>
    </p>
   </div>
   <div class='ocr_carea' id='block_1_2' title="bbox 223 956 1426 4410">
    <p class='ocr_par' dir='ltr' id='par_1_2' title="bbox 223 956 1275 2270">
     <span class='ocr_line' id='line_1_2' title="bbox 225 956 1275 1044; baseline -0.001 -19"><span class='ocrx_word' id='word_1_5' title='bbox 225 956 304 1025; x_wconf 84' lang='lat' dir='ltr'>hino</span> <span class='ocrx_word' id='word_1_6' title='bbox 338 958 489 1044; x_wconf 76' lang='lat' dir='ltr'>nequitur</span> <span class='ocrx_word' id='word_1_7' title='bbox 520 959 608 1044; x_wconf 88' lang='lat' dir='ltr'>quod</span> <span class='ocrx_word' id='word_1_8' title='bbox 644 959 705 1023; x_wconf 88' lang='lat' dir='ltr'>iate</span> <span class='ocrx_word' id='word_1_9' title='bbox 742 979 844 1024; x_wconf 77' lang='lat' dir='ltr'>oaeetra</span> <span class='ocrx_word' id='word_1_10' title='bbox 876 979 943 1023; x_wconf 88' lang='lat' dir='ltr'>non</span> <span class='ocrx_word' id='word_1_11' title='bbox 977 962 1024 1022; x_wconf 85' lang='lat' dir='ltr'>eet</span> <span class='ocrx_word' id='word_1_12' title='bbox 1050 978 1150 1025; x_wconf 80' lang='lat' dir='ltr'>oaeoua</span> <span class='ocrx_word' id='word_1_13' title='bbox 1162 981 1171 1036; x_wconf 69' lang='grc' dir='ltr'><strong><em>ς</em></strong></span> <span class='ocrx_word' id='word_1_14' title='bbox 1202 962 1275 1024; x_wconf 85' lang='lat' dir='ltr'>tum</span> 
     </span>
     <span class='ocr_line' id='line_1_3' title="bbox 223 1062 1274 1150; baseline 0.002 -21"><span class='ocrx_word' id='word_1_15' title='bbox 223 1065 306 1150; x_wconf 86' lang='lat' dir='ltr'>quio</span> <span class='ocrx_word' id='word_1_16' title='bbox 330 1068 398 1130; x_wconf 80' lang='lat' dir='ltr'>atet</span> <span class='ocrx_word' id='word_1_17' title='bbox 413 1065 502 1150; x_wconf 88' lang='lat' dir='ltr'>quod</span> <span class='ocrx_word' id='word_1_18' title='bbox 525 1064 570 1130; x_wconf 88' lang='lat' dir='ltr'>eit</span> <span class='ocrx_word' id='word_1_19' title='bbox 593 1084 695 1130; x_wconf 75' lang='lat' dir='ltr'>emam</span> <span class='ocrx_word' id='word_1_20' title='bbox 720 1063 756 1128; x_wconf 92' lang='lat' dir='ltr'>in</span> <span class='ocrx_word' id='word_1_21' title='bbox 780 1063 962 1138; x_wconf 84' lang='lat' dir='ltr'>unooou10,</span> <span class='ocrx_word' id='word_1_22' title='bbox 990 1069 1024 1128; x_wconf 92' lang='lat' dir='ltr'>et</span> <span class='ocrx_word' id='word_1_23' title='bbox 1049 1062 1148 1129; x_wconf 85' lang='lat' dir='ltr'>simul</span> <span class='ocrx_word' id='word_1_24' title='bbox 1162 1062 1274 1131; x_wconf 86' lang='lat' dir='ltr'>videat</span> 
     </span>
     <span class='ocr_line' id='line_1_4' title="bbox 224 1163 1273 1250; baseline 0.004 -19"><span class='ocrx_word' id='word_1_25' title='bbox 224 1186 302 1231; x_wconf 86' lang='lat' dir='ltr'>oum</span> <span class='ocrx_word' id='word_1_26' title='bbox 340 1165 429 1243; x_wconf 78' lang='lat' dir='ltr'>elio;</span> <span class='ocrx_word' id='word_1_27' title='bbox 474 1171 548 1232; x_wconf 89' lang='lat' dir='ltr'>tum</span> <span class='ocrx_word' id='word_1_28' title='bbox 586 1165 686 1232; x_wconf 87' lang='lat' dir='ltr'>etiam</span> <span class='ocrx_word' id='word_1_29' title='bbox 724 1165 802 1250; x_wconf 86' lang='lat' dir='ltr'>quio</span> <span class='ocrx_word' id='word_1_30' title='bbox 848 1168 915 1231; x_wconf 87' lang='lat' dir='ltr'>etat</span> <span class='ocrx_word' id='word_1_31' title='bbox 953 1165 1042 1250; x_wconf 89' lang='lat' dir='ltr'>quod</span> <span class='ocrx_word' id='word_1_32' title='bbox 1090 1163 1135 1231; x_wconf 86' lang='lat' dir='ltr'>eit</span> <span class='ocrx_word' id='word_1_33' title='bbox 1172 1185 1273 1235; x_wconf 68' lang='lat' dir='ltr'>omaus</span> 
     </span>
     <span class='ocr_line' id='line_1_5' title="bbox 224 1265 1273 1353; baseline -0.001 -20"><span class='ocrx_word' id='word_1_34' title='bbox 224 1267 443 1353; x_wconf 63' lang='lat' dir='ltr'>corporaliter,</span> <span class='ocrx_word' id='word_1_35' title='bbox 491 1272 526 1333; x_wconf 91' lang='lat' dir='ltr'>et</span> <span class='ocrx_word' id='word_1_36' title='bbox 574 1266 672 1331; x_wconf 82' lang='lat' dir='ltr'>simul</span> <span class='ocrx_word' id='word_1_37' title='bbox 708 1266 821 1335; x_wconf 82' lang='lat' dir='ltr'>vidant</span> <span class='ocrx_word' id='word_1_38' title='bbox 857 1287 931 1334; x_wconf 87' lang='lat' dir='ltr'>oum</span> <span class='ocrx_word' id='word_1_39' title='bbox 968 1265 1029 1333; x_wconf 88' lang='lat' dir='ltr'>hoo</span> <span class='ocrx_word' id='word_1_40' title='bbox 1065 1265 1273 1348; x_wconf 65' lang='lat' dir='ltr'>mentaliten</span> 
     </span>
     <span class='ocr_line' id='line_1_6' title="bbox 225 1365 1274 1436; baseline 0.002 -3"><span class='ocrx_word' id='word_1_41' title='bbox 225 1368 313 1433; x_wconf 80' lang='lat' dir='ltr'>sieut</span> <span class='ocrx_word' id='word_1_42' title='bbox 354 1367 420 1433; x_wconf 90' lang='lat' dir='ltr'>fuit</span> <span class='ocrx_word' id='word_1_43' title='bbox 449 1368 489 1432; x_wconf 89' lang='lat' dir='ltr'>de</span> <span class='ocrx_word' id='word_1_44' title='bbox 530 1367 633 1432; x_wconf 88' lang='lat' dir='ltr'>Paulo</span> <span class='ocrx_word' id='word_1_45' title='bbox 670 1373 704 1435; x_wconf 88' lang='lat' dir='ltr'>et</span> <span class='ocrx_word' id='word_1_46' title='bbox 740 1367 855 1434; x_wconf 77' lang='lat' dir='ltr'>multis</span> <span class='ocrx_word' id='word_1_47' title='bbox 892 1367 971 1436; x_wconf 82' lang='lat' dir='ltr'>aliie.</span> <span class='ocrx_word' id='word_1_48' title='bbox 1033 1365 1126 1435; x_wconf 74' lang='lat' dir='ltr'>Vinio</span> <span class='ocrx_word' id='word_1_49' title='bbox 1162 1371 1274 1435; x_wconf 86' lang='lat' dir='ltr'>autam</span> 
     </span>
     <span class='ocr_line' id='line_1_7' title="bbox 224 1467 1274 1556; baseline -0.004 -19"><span class='ocrx_word' id='word_1_50' title='bbox 224 1470 348 1537; x_wconf 84' lang='lat' dir='ltr'>mentia</span> <span class='ocrx_word' id='word_1_51' title='bbox 369 1474 420 1535; x_wconf 88' lang='lat' dir='ltr'>eet</span> <span class='ocrx_word' id='word_1_52' title='bbox 443 1468 609 1556; x_wconf 87' lang='lat' dir='ltr'>proprina¹</span> <span class='ocrx_word' id='word_1_53' title='bbox 626 1469 711 1537; x_wconf 79' lang='lat' dir='ltr'>visio</span> <span class='ocrx_word' id='word_1_54' title='bbox 734 1491 834 1556; x_wconf 84' lang='lat' dir='ltr'>quam</span> <span class='ocrx_word' id='word_1_55' title='bbox 857 1469 941 1537; x_wconf 78' lang='lat' dir='ltr'>visio</span> <span class='ocrx_word' id='word_1_56' title='bbox 967 1469 1149 1555; x_wconf 75' lang='lat' dir='ltr'>corporalia.</span> <span class='ocrx_word' id='word_1_57' title='bbox 1184 1467 1274 1534; x_wconf 88' lang='lat' dir='ltr'>Bene</span> 
     </span>
     <span class='ocr_line' id='line_1_8' title="bbox 224 1570 1273 1657; baseline 0.002 -19"><span class='ocrx_word' id='word_1_58' title='bbox 224 1577 340 1638; x_wconf 78' lang='lat' dir='ltr'>tomen</span> <span class='ocrx_word' id='word_1_59' title='bbox 365 1572 513 1657; x_wconf 84' lang='lat' dir='ltr'>seqnitur</span> <span class='ocrx_word' id='word_1_60' title='bbox 538 1571 566 1636; x_wconf 84' lang='lat' dir='ltr'>si</span> <span class='ocrx_word' id='word_1_61' title='bbox 592 1572 656 1639; x_wconf 73' lang='lat' dir='ltr'>iste</span> <span class='ocrx_word' id='word_1_62' title='bbox 681 1571 726 1639; x_wconf 88' lang='lat' dir='ltr'>ait</span> <span class='ocrx_word' id='word_1_63' title='bbox 751 1592 861 1649; x_wconf 81' lang='lat' dir='ltr'>oaeaue,</span> <span class='ocrx_word' id='word_1_64' title='bbox 883 1576 963 1641; x_wconf 83' lang='lat' dir='ltr'>tuno</span> <span class='ocrx_word' id='word_1_65' title='bbox 988 1592 1055 1637; x_wconf 90' lang='lat' dir='ltr'>non</span> <span class='ocrx_word' id='word_1_66' title='bbox 1081 1570 1174 1636; x_wconf 81' lang='lat' dir='ltr'>videt</span> <span class='ocrx_word' id='word_1_67' title='bbox 1199 1592 1273 1639; x_wconf 89' lang='lat' dir='ltr'>aum</span> 
     </span>
     <span class='ocr_line' id='line_1_9' title="bbox 225 1672 1273 1752; baseline 0 -14"><span class='ocrx_word' id='word_1_68' title='bbox 225 1673 289 1739; x_wconf 87' lang='lat' dir='ltr'>hoo</span> <span class='ocrx_word' id='word_1_69' title='bbox 318 1673 416 1737; x_wconf 83' lang='lat' dir='ltr'>simul</span> <span class='ocrx_word' id='word_1_70' title='bbox 445 1679 480 1738; x_wconf 90' lang='lat' dir='ltr'>et</span> <span class='ocrx_word' id='word_1_71' title='bbox 508 1673 609 1739; x_wconf 80' lang='lat' dir='ltr'>semel</span> <span class='ocrx_word' id='word_1_72' title='bbox 635 1678 669 1738; x_wconf 84' lang='lat' dir='ltr'>et</span> <span class='ocrx_word' id='word_1_73' title='bbox 698 1673 877 1738; x_wconf 82' lang='lat' dir='ltr'>seeundum</span> <span class='ocrx_word' id='word_1_74' title='bbox 902 1673 1017 1752; x_wconf 87' lang='lat' dir='ltr'>&#39;idem;</span> <span class='ocrx_word' id='word_1_75' title='bbox 1051 1678 1085 1738; x_wconf 85' lang='lat' dir='ltr'>et</span> <span class='ocrx_word' id='word_1_76' title='bbox 1113 1672 1161 1737; x_wconf 78' lang='lat' dir='ltr'>iio</span> <span class='ocrx_word' id='word_1_77' title='bbox 1190 1672 1273 1738; x_wconf 84' lang='lat' dir='ltr'>solet</span> 
     </span>
     <span class='ocr_line' id='line_1_10' title="bbox 225 1772 1274 1862; baseline -0.001 -22"><span class='ocrx_word' id='word_1_78' title='bbox 225 1773 306 1840; x_wconf 88' lang='lat' dir='ltr'>olim</span> <span class='ocrx_word' id='word_1_79' title='bbox 333 1775 550 1862; x_wconf 75' lang='lat' dir='ltr'>repugnantia</span> <span class='ocrx_word' id='word_1_80' title='bbox 573 1774 761 1841; x_wconf 79' lang='lat' dir='ltr'>modificari.</span> <span class='ocrx_word' id='word_1_81' title='bbox 807 1775 879 1841; x_wconf 86' lang='lat' dir='ltr'>Neo</span> <span class='ocrx_word' id='word_1_82' title='bbox 904 1774 1053 1860; x_wconf 78' lang='lat' dir='ltr'>sequitur</span> <span class='ocrx_word' id='word_1_83' title='bbox 1082 1772 1170 1839; x_wconf 88' lang='lat' dir='ltr'>ultra</span> <span class='ocrx_word' id='word_1_84' title='bbox 1182 1797 1190 1852; x_wconf 92' lang='lat'>;</span> <span class='ocrx_word' id='word_1_85' title='bbox 1212 1773 1274 1839; x_wconf 77' lang='lat' dir='ltr'>iste</span> 
     </span>
     <span class='ocr_line' id='line_1_11' title="bbox 225 1877 1274 1965; baseline 0.004 -23"><span class='ocrx_word' id='word_1_86' title='bbox 225 1898 316 1942; x_wconf 89' lang='lat' dir='ltr'>nuno</span> <span class='ocrx_word' id='word_1_87' title='bbox 347 1899 415 1943; x_wconf 89' lang='lat' dir='ltr'>non</span> <span class='ocrx_word' id='word_1_88' title='bbox 437 1877 530 1944; x_wconf 88' lang='lat' dir='ltr'>videt</span> <span class='ocrx_word' id='word_1_89' title='bbox 565 1877 658 1944; x_wconf 77' lang='lat' dir='ltr'>oculo</span> <span class='ocrx_word' id='word_1_90' title='bbox 694 1877 874 1965; x_wconf 78' lang='lat' dir='ltr'>eorpomli3</span> <span class='ocrx_word' id='word_1_91' title='bbox 905 1898 981 1963; x_wconf 85' lang='lat' dir='ltr'>ergo</span> <span class='ocrx_word' id='word_1_92' title='bbox 1003 1898 1091 1944; x_wconf 83' lang='lat' dir='ltr'>nuno</span> <span class='ocrx_word' id='word_1_93' title='bbox 1123 1881 1173 1943; x_wconf 84' lang='lat' dir='ltr'>eet</span> <span class='ocrx_word' id='word_1_94' title='bbox 1208 1897 1274 1946; x_wconf 84' lang='lat' dir='ltr'>non</span> 
     </span>
     <span class='ocr_line' id='line_1_12' title="bbox 225 1978 1274 2066; baseline -0.001 -20"><span class='ocrx_word' id='word_1_95' title='bbox 225 1979 344 2046; x_wconf 80' lang='lat' dir='ltr'>videns</span> <span class='ocrx_word' id='word_1_96' title='bbox 367 1978 460 2046; x_wconf 83' lang='lat' dir='ltr'>oculo</span> <span class='ocrx_word' id='word_1_97' title='bbox 483 1979 658 2066; x_wconf 79' lang='lat' dir='ltr'>corporali:</span> <span class='ocrx_word' id='word_1_98' title='bbox 682 1981 739 2046; x_wconf 85' lang='lat' dir='ltr'>aed</span> <span class='ocrx_word' id='word_1_99' title='bbox 764 1980 847 2047; x_wconf 89' lang='lat' dir='ltr'>bene</span> <span class='ocrx_word' id='word_1_100' title='bbox 869 1980 1017 2065; x_wconf 79' lang='lat' dir='ltr'>sequitur</span> <span class='ocrx_word' id='word_1_101' title='bbox 1042 2000 1085 2048; x_wconf 81' lang='lat' dir='ltr'>ex</span> <span class='ocrx_word' id='word_1_102' title='bbox 1107 1983 1274 2064; x_wconf 77' lang='lat' dir='ltr'>assumpto</span> 
     </span>
     <span class='ocr_line' id='line_1_13' title="bbox 226 2079 1273 2168; baseline 0.001 -20"><span class='ocrx_word' id='word_1_103' title='bbox 226 2103 302 2148; x_wconf 86' lang='lat' dir='ltr'>eum</span> <span class='ocrx_word' id='word_1_104' title='bbox 336 2081 407 2167; x_wconf 86' lang='lat' dir='ltr'>ejua</span> <span class='ocrx_word' id='word_1_105' title='bbox 432 2082 617 2150; x_wconf 81' lang='lat' dir='ltr'>constantie</span> <span class='ocrx_word' id='word_1_106' title='bbox 644 2082 732 2168; x_wconf 89' lang='lat' dir='ltr'>quod</span> <span class='ocrx_word' id='word_1_107' title='bbox 753 2081 798 2150; x_wconf 84' lang='lat' dir='ltr'>eit</span> <span class='ocrx_word' id='word_1_108' title='bbox 828 2101 896 2153; x_wconf 88' lang='lat' dir='ltr'>nou</span> <span class='ocrx_word' id='word_1_109' title='bbox 926 2081 1042 2150; x_wconf 81' lang='lat' dir='ltr'>vidone</span> <span class='ocrx_word' id='word_1_110' title='bbox 1071 2102 1158 2152; x_wconf 86' lang='lat' dir='ltr'>uuna</span> <span class='ocrx_word' id='word_1_111' title='bbox 1180 2079 1273 2149; x_wconf 86' lang='lat' dir='ltr'>ooulo</span> 
     </span>
     <span class='ocr_line' id='line_1_14' title="bbox 227 2183 393 2270; baseline -0.012 -20"><span class='ocrx_word' id='word_1_112' title='bbox 227 2183 393 2270; x_wconf 78' lang='lat' dir='ltr'>eorporali.</span> 
     </span>
    </p>

    <p class='ocr_par' dir='ltr' id='par_1_3' title="bbox 227 2285 1426 2683">
     <span class='ocr_line' id='line_1_15' title="bbox 274 2285 1372 2374; baseline 0.004 -24"><span class='ocrx_word' id='word_1_113' title='bbox 274 2285 314 2351; x_wconf 86' lang='lat' dir='ltr'>X.</span> <span class='ocrx_word' id='word_1_114' title='bbox 337 2285 473 2353; x_wconf 79' lang='lat' dir='ltr'>Decimo</span> <span class='ocrx_word' id='word_1_115' title='bbox 508 2286 618 2373; x_wconf 80' lang='lat' dir='ltr'>arguit</span> <span class='ocrx_word' id='word_1_116' title='bbox 655 2285 778 2353; x_wconf 84' lang='lat' dir='ltr'>Doctor</span> <span class='ocrx_word' id='word_1_117' title='bbox 814 2287 903 2374; x_wconf 89' lang='lat' dir='ltr'>quod</span> <span class='ocrx_word' id='word_1_118' title='bbox 939 2286 992 2353; x_wconf 87' lang='lat' dir='ltr'>hia</span> <span class='ocrx_word' id='word_1_119' title='bbox 1029 2293 1113 2355; x_wconf 85' lang='lat' dir='ltr'>eeeet</span> <span class='ocrx_word' id='word_1_120' title='bbox 1150 2285 1372 2373; x_wconf 70' lang='lat' dir='ltr'>portato-&#39;1¹emh</span> 
     </span>
     <span class='ocr_line' id='line_1_16' title="bbox 228 2355 1426 2475; baseline 0.001 -21"><span class='ocrx_word' id='word_1_121' title='bbox 228 2388 353 2475; x_wconf 72' lang='lat' dir='ltr'>giemus</span> <span class='ocrx_word' id='word_1_122' title='bbox 367 2387 395 2453; x_wconf 76' lang='lat'>:⁹</span> <span class='ocrx_word' id='word_1_123' title='bbox 437 2388 553 2455; x_wconf 88' lang='lat' dir='ltr'>Omnia</span> <span class='ocrx_word' id='word_1_124' title='bbox 588 2387 686 2455; x_wconf 90' lang='lat' dir='ltr'>homo</span> <span class='ocrx_word' id='word_1_125' title='bbox 726 2387 845 2454; x_wconf 80' lang='lat' dir='ltr'>currit:</span> <span class='ocrx_word' id='word_1_126' title='bbox 886 2387 1035 2455; x_wconf 73' lang='lat' dir='ltr'>Socratae</span> <span class='ocrx_word' id='word_1_127' title='bbox 1070 2393 1120 2454; x_wconf 86' lang='lat' dir='ltr'>eet</span> <span class='ocrx_word' id='word_1_128' title='bbox 1156 2387 1253 2455; x_wconf 91' lang='lat' dir='ltr'>homo</span> <span class='ocrx_word' id='word_1_129' title='bbox 1267 2355 1426 2468; x_wconf 37' lang='lat' dir='ltr'>smmi</span> 
     </span>
     <span class='ocr_line' id='line_1_17' title="bbox 227 2489 1275 2578; baseline 0.005 -24"><span class='ocrx_word' id='word_1_130' title='bbox 227 2512 306 2577; x_wconf 80' lang='lat' dir='ltr'>ergo</span> <span class='ocrx_word' id='word_1_131' title='bbox 332 2490 453 2574; x_wconf 80' lang='lat' dir='ltr'>currit3</span> <span class='ocrx_word' id='word_1_132' title='bbox 485 2496 520 2559; x_wconf 91' lang='lat' dir='ltr'>et</span> <span class='ocrx_word' id='word_1_133' title='bbox 548 2489 595 2558; x_wconf 84' lang='lat' dir='ltr'>sia</span> <span class='ocrx_word' id='word_1_134' title='bbox 618 2489 791 2578; x_wconf 74' lang='lat' dir='ltr'>utrobique</span> <span class='ocrx_word' id='word_1_135' title='bbox 820 2495 905 2558; x_wconf 76' lang='lat' dir='ltr'>emet</span> <span class='ocrx_word' id='word_1_136' title='bbox 933 2489 1127 2558; x_wconf 76' lang='lat' dir='ltr'>universalia</span> <span class='ocrx_word' id='word_1_137' title='bbox 1157 2489 1275 2559; x_wconf 80' lang='lat' dir='ltr'>dietin-</span> 
     </span>
     <span class='ocr_line' id='line_1_18' title="bbox 227 2596 365 2683; baseline 0.007 -22"><span class='ocrx_word' id='word_1_138' title='bbox 227 2596 365 2683; x_wconf 75' lang='lat' dir='ltr'>guendn</span> 
     </span>
    </p>

    <p class='ocr_par' dir='ltr' id='par_1_4' title="bbox 227 2696 1285 4410">
     <span class='ocr_line' id='line_1_19' title="bbox 274 2696 1278 2783; baseline 0.003 -22"><span class='ocrx_word' id='word_1_139' title='bbox 274 2697 341 2762; x_wconf 85' lang='lat' dir='ltr'>Hie</span> <span class='ocrx_word' id='word_1_140' title='bbox 367 2697 488 2764; x_wconf 84' lang='lat' dir='ltr'>dieitur</span> <span class='ocrx_word' id='word_1_141' title='bbox 511 2698 599 2783; x_wconf 90' lang='lat' dir='ltr'>quod</span> <span class='ocrx_word' id='word_1_142' title='bbox 624 2696 734 2763; x_wconf 82' lang='lat' dir='ltr'>nullm</span> <span class='ocrx_word' id='word_1_143' title='bbox 758 2697 834 2764; x_wconf 82' lang='lat' dir='ltr'>tolie</span> <span class='ocrx_word' id='word_1_144' title='bbox 858 2698 1019 2764; x_wconf 80' lang='lat' dir='ltr'>diaouram</span> <span class='ocrx_word' id='word_1_145' title='bbox 1052 2698 1167 2764; x_wconf 81' lang='lat' dir='ltr'>unione</span> <span class='ocrx_word' id='word_1_146' title='bbox 1193 2703 1278 2764; x_wconf 86' lang='lat' dir='ltr'>eeaet</span> 
     </span>
     <span class='ocr_line' id='line_1_20' title="bbox 228 2798 1279 2886; baseline 0 -22"><span class='ocrx_word' id='word_1_147' title='bbox 228 2799 471 2886; x_wconf 76' lang='lat' dir='ltr'>paralogismus,</span> <span class='ocrx_word' id='word_1_148' title='bbox 507 2799 536 2864; x_wconf 81' lang='lat' dir='ltr'>ei</span> <span class='ocrx_word' id='word_1_149' title='bbox 566 2820 634 2866; x_wconf 90' lang='lat' dir='ltr'>non</span> <span class='ocrx_word' id='word_1_150' title='bbox 659 2798 747 2864; x_wconf 74' lang='lat' dir='ltr'>adsit</span> <span class='ocrx_word' id='word_1_151' title='bbox 777 2798 898 2863; x_wconf 86' lang='lat' dir='ltr'>vitium</span> <span class='ocrx_word' id='word_1_152' title='bbox 931 2799 1008 2865; x_wconf 61' lang='lat' dir='ltr'>moi</span> <span class='ocrx_word' id='word_1_153' title='bbox 1039 2799 1123 2864; x_wconf 88' lang='lat' dir='ltr'>male</span> <span class='ocrx_word' id='word_1_154' title='bbox 1158 2799 1279 2864; x_wconf 91' lang='lat' dir='ltr'>intelli·</span> 
     </span>
     <span class='ocr_line' id='line_1_21' title="bbox 227 2900 1279 2986; baseline 0.001 -21"><span class='ocrx_word' id='word_1_155' title='bbox 227 2901 343 2986; x_wconf 80' lang='lat' dir='ltr'>gentis.</span> <span class='ocrx_word' id='word_1_156' title='bbox 390 2900 456 2966; x_wconf 86' lang='lat' dir='ltr'>Sed</span> <span class='ocrx_word' id='word_1_157' title='bbox 476 2922 642 2986; x_wconf 89' lang='lat' dir='ltr'>ponemus,</span> <span class='ocrx_word' id='word_1_158' title='bbox 663 2901 749 2966; x_wconf 76' lang='lat' dir='ltr'>sieut</span> <span class='ocrx_word' id='word_1_159' title='bbox 775 2900 899 2965; x_wconf 79' lang='lat' dir='ltr'>Doctor</span> <span class='ocrx_word' id='word_1_160' title='bbox 924 2902 1020 2985; x_wconf 79' lang='lat' dir='ltr'>oepit,</span> <span class='ocrx_word' id='word_1_161' title='bbox 1047 2901 1135 2986; x_wconf 89' lang='lat' dir='ltr'>quod</span> <span class='ocrx_word' id='word_1_162' title='bbox 1160 2901 1279 2966; x_wconf 74' lang='lat' dir='ltr'>insutus</span> 
     </span>
     <span class='ocr_line' id='line_1_22' title="bbox 228 3001 1279 3088; baseline 0.002 -21"><span class='ocrx_word' id='word_1_163' title='bbox 228 3002 284 3067; x_wconf 84' lang='lat' dir='ltr'>vel</span> <span class='ocrx_word' id='word_1_164' title='bbox 305 3001 408 3088; x_wconf 82' lang='lat' dir='ltr'>gratie</span> <span class='ocrx_word' id='word_1_165' title='bbox 431 3003 629 3068; x_wconf 74' lang='lat' dir='ltr'>contendens</span> <span class='ocrx_word' id='word_1_166' title='bbox 651 3001 807 3088; x_wconf 82' lang='lat' dir='ltr'>intelligit</span> <span class='ocrx_word' id='word_1_167' title='bbox 828 3023 886 3087; x_wconf 90' lang='lat' dir='ltr'>per</span> <span class='ocrx_word' id='word_1_168' title='bbox 900 3002 1055 3087; x_wconf 80' lang='lat' dir='ltr'>majorem</span> <span class='ocrx_word' id='word_1_169' title='bbox 1071 3003 1137 3068; x_wconf 86' lang='lat' dir='ltr'>aio:</span> <span class='ocrx_word' id='word_1_170' title='bbox 1163 3003 1279 3069; x_wconf 77' lang='lat' dir='ltr'>Omnis</span> 
     </span>
     <span class='ocr_line' id='line_1_23' title="bbox 230 3103 1278 3191; baseline 0.003 -23"><span class='ocrx_word' id='word_1_171' title='bbox 230 3103 328 3168; x_wconf 91' lang='lat' dir='ltr'>homo</span> <span class='ocrx_word' id='word_1_172' title='bbox 350 3125 437 3168; x_wconf 88' lang='lat' dir='ltr'>nuno</span> <span class='ocrx_word' id='word_1_173' title='bbox 464 3104 608 3168; x_wconf 73' lang='lat' dir='ltr'>existens</span> <span class='ocrx_word' id='word_1_174' title='bbox 634 3104 755 3182; x_wconf 82' lang='lat' dir='ltr'>ourrit3</span> <span class='ocrx_word' id='word_1_175' title='bbox 787 3109 822 3168; x_wconf 92' lang='lat' dir='ltr'>et</span> <span class='ocrx_word' id='word_1_176' title='bbox 844 3125 903 3189; x_wconf 91' lang='lat' dir='ltr'>per</span> <span class='ocrx_word' id='word_1_177' title='bbox 928 3103 1088 3169; x_wconf 87' lang='lat' dir='ltr'>minorem</span> <span class='ocrx_word' id='word_1_178' title='bbox 1113 3103 1278 3191; x_wconf 81' lang='lat' dir='ltr'>intelligat</span> 
     </span>
     <span class='ocr_line' id='line_1_24' title="bbox 230 3203 1281 3291; baseline 0.001 -22"><span class='ocrx_word' id='word_1_179' title='bbox 230 3205 319 3290; x_wconf 91' lang='lat' dir='ltr'>quod</span> <span class='ocrx_word' id='word_1_180' title='bbox 344 3203 494 3270; x_wconf 80' lang='lat' dir='ltr'>Socrates</span> <span class='ocrx_word' id='word_1_181' title='bbox 524 3211 574 3269; x_wconf 88' lang='lat' dir='ltr'>est</span> <span class='ocrx_word' id='word_1_182' title='bbox 604 3205 701 3270; x_wconf 90' lang='lat' dir='ltr'>homo</span> <span class='ocrx_word' id='word_1_183' title='bbox 730 3226 790 3291; x_wconf 89' lang='lat' dir='ltr'>pro</span> <span class='ocrx_word' id='word_1_184' title='bbox 819 3204 930 3289; x_wconf 89' lang='lat' dir='ltr'>aliquo</span> <span class='ocrx_word' id='word_1_185' title='bbox 959 3211 1105 3291; x_wconf 84' lang='lat' dir='ltr'>tempore</span> <span class='ocrx_word' id='word_1_186' title='bbox 1135 3228 1194 3271; x_wconf 83' lang='lat' dir='ltr'>suo</span> <span class='ocrx_word' id='word_1_187' title='bbox 1206 3231 1214 3285; x_wconf 90' lang='lat'>;</span> <span class='ocrx_word' id='word_1_188' title='bbox 1246 3210 1281 3270; x_wconf 87' lang='lat' dir='ltr'>et</span> 
     </span>
     <span class='ocr_line' id='line_1_25' title="bbox 229 3305 1281 3394; baseline 0 -22"><span class='ocrx_word' id='word_1_189' title='bbox 229 3312 311 3372; x_wconf 87' lang='lat' dir='ltr'>tuno</span> <span class='ocrx_word' id='word_1_190' title='bbox 334 3306 461 3372; x_wconf 86' lang='lat' dir='ltr'>reduoit</span> <span class='ocrx_word' id='word_1_191' title='bbox 490 3305 612 3371; x_wconf 83' lang='lat' dir='ltr'>Doctor</span> <span class='ocrx_word' id='word_1_192' title='bbox 635 3306 724 3391; x_wconf 91' lang='lat' dir='ltr'>quod</span> <span class='ocrx_word' id='word_1_193' title='bbox 748 3306 794 3371; x_wconf 82' lang='lat' dir='ltr'>eie</span> <span class='ocrx_word' id='word_1_194' title='bbox 820 3307 949 3371; x_wconf 82' lang='lat' dir='ltr'>sinistre</span> <span class='ocrx_word' id='word_1_195' title='bbox 975 3307 1173 3394; x_wconf 85' lang='lat' dir='ltr'>intelligenti</span> <span class='ocrx_word' id='word_1_196' title='bbox 1197 3306 1281 3373; x_wconf 81' lang='lat' dir='ltr'>foret</span> 
     </span>
     <span class='ocr_line' id='line_1_26' title="bbox 230 3407 1282 3494; baseline 0 -22"><span class='ocrx_word' id='word_1_197' title='bbox 230 3408 473 3494; x_wconf 77' lang='lat' dir='ltr'>paralogismus.</span> <span class='ocrx_word' id='word_1_198' title='bbox 521 3407 589 3472; x_wconf 86' lang='lat' dir='ltr'>Iste</span> <span class='ocrx_word' id='word_1_199' title='bbox 628 3408 791 3472; x_wconf 80' lang='lat' dir='ltr'>dieauraua</span> <span class='ocrx_word' id='word_1_200' title='bbox 828 3408 1033 3493; x_wconf 79' lang='lat' dir='ltr'>excogitatus</span> <span class='ocrx_word' id='word_1_201' title='bbox 1063 3412 1113 3473; x_wconf 87' lang='lat' dir='ltr'>eat</span> <span class='ocrx_word' id='word_1_202' title='bbox 1142 3414 1182 3474; x_wconf 89' lang='lat' dir='ltr'>ut</span> <span class='ocrx_word' id='word_1_203' title='bbox 1211 3415 1282 3475; x_wconf 87' lang='lat' dir='ltr'>ten-</span> 
     </span>
     <span class='ocr_line' id='line_1_27' title="bbox 231 3506 1282 3586; baseline 0 -12"><span class='ocrx_word' id='word_1_204' title='bbox 231 3510 366 3586; x_wconf 78' lang='lat' dir='ltr'>tativus,</span> <span class='ocrx_word' id='word_1_205' title='bbox 417 3513 452 3574; x_wconf 87' lang='lat' dir='ltr'>ot</span> <span class='ocrx_word' id='word_1_206' title='bbox 488 3530 556 3573; x_wconf 90' lang='lat' dir='ltr'>non</span> <span class='ocrx_word' id='word_1_207' title='bbox 600 3509 643 3573; x_wconf 87' lang='lat' dir='ltr'>ad</span> <span class='ocrx_word' id='word_1_208' title='bbox 686 3506 860 3573; x_wconf 73' lang='lat' dir='ltr'>effioeniom</span> <span class='ocrx_word' id='word_1_209' title='bbox 897 3507 1040 3573; x_wconf 76' lang='lat' dir='ltr'>realem:</span> <span class='ocrx_word' id='word_1_210' title='bbox 1087 3531 1161 3574; x_wconf 88' lang='lat' dir='ltr'>oum</span> <span class='ocrx_word' id='word_1_211' title='bbox 1199 3509 1282 3574; x_wconf 90' lang='lat' dir='ltr'>nulli</span> 
     </span>
     <span class='ocr_line' id='line_1_28' title="bbox 231 3610 1282 3697; baseline 0.003 -22"><span class='ocrx_word' id='word_1_212' title='bbox 231 3611 337 3697; x_wconf 80' lang='lat' dir='ltr'>logico</span> <span class='ocrx_word' id='word_1_213' title='bbox 374 3611 418 3675; x_wconf 87' lang='lat' dir='ltr'>sit</span> <span class='ocrx_word' id='word_1_214' title='bbox 456 3610 592 3674; x_wconf 89' lang='lat' dir='ltr'>dubium</span> <span class='ocrx_word' id='word_1_215' title='bbox 639 3611 679 3674; x_wconf 90' lang='lat' dir='ltr'>de</span> <span class='ocrx_word' id='word_1_216' title='bbox 717 3610 906 3695; x_wconf 80' lang='lat' dir='ltr'>quaestione,</span> <span class='ocrx_word' id='word_1_217' title='bbox 946 3631 1020 3676; x_wconf 83' lang='lat' dir='ltr'>oum</span> <span class='ocrx_word' id='word_1_218' title='bbox 1057 3611 1282 3697; x_wconf 75' lang='lat' dir='ltr'>conglutinoto</span> 
     </span>
     <span class='ocr_line' id='line_1_29' title="bbox 231 3710 1282 3778; baseline -0.001 0"><span class='ocrx_word' id='word_1_219' title='bbox 231 3734 330 3778; x_wconf 83' lang='lat' dir='ltr'>aenan</span> <span class='ocrx_word' id='word_1_220' title='bbox 360 3711 446 3776; x_wconf 84' lang='lat' dir='ltr'>foret</span> <span class='ocrx_word' id='word_1_221' title='bbox 474 3712 579 3776; x_wconf 83' lang='lat' dir='ltr'>forma</span> <span class='ocrx_word' id='word_1_222' title='bbox 609 3711 910 3776; x_wconf 79' lang='lat' dir='ltr'>momtruoeieaimu</span> <span class='ocrx_word' id='word_1_223' title='bbox 957 3710 1022 3778; x_wconf 84' lang='lat' dir='ltr'>Sed</span> <span class='ocrx_word' id='word_1_224' title='bbox 1059 3713 1087 3776; x_wconf 79' lang='lat' dir='ltr'>oi</span> <span class='ocrx_word' id='word_1_225' title='bbox 1124 3713 1282 3778; x_wconf 86' lang='lat' dir='ltr'>vellemus</span> 
     </span>
     <span class='ocr_line' id='line_1_30' title="bbox 233 3814 1281 3902; baseline 0 -23"><span class='ocrx_word' id='word_1_226' title='bbox 233 3815 425 3902; x_wconf 80' lang='lat' dir='ltr'>permittere</span> <span class='ocrx_word' id='word_1_227' title='bbox 458 3814 629 3899; x_wconf 83' lang='lat' dir='ltr'>antiquom</span> <span class='ocrx_word' id='word_1_228' title='bbox 659 3814 904 3898; x_wconf 80' lang='lat' dir='ltr'>grammaticam</span> <span class='ocrx_word' id='word_1_229' title='bbox 941 3820 1029 3879; x_wconf 85' lang='lat' dir='ltr'>stare</span> <span class='ocrx_word' id='word_1_230' title='bbox 1059 3835 1133 3879; x_wconf 81' lang='lat' dir='ltr'>oum</span> <span class='ocrx_word' id='word_1_231' title='bbox 1169 3814 1281 3900; x_wconf 63' lang='lat' dir='ltr'>logioa„</span> 
     </span>
     <span class='ocr_line' id='line_1_31' title="bbox 232 3915 1283 4001; baseline 0 -21"><span class='ocrx_word' id='word_1_232' title='bbox 232 3917 319 3980; x_wconf 88' lang='lat' dir='ltr'>foret</span> <span class='ocrx_word' id='word_1_233' title='bbox 345 3915 422 3979; x_wconf 81' lang='lat' dir='ltr'>talis</span> <span class='ocrx_word' id='word_1_234' title='bbox 449 3915 610 3980; x_wconf 77' lang='lat' dir='ltr'>discursus</span> <span class='ocrx_word' id='word_1_235' title='bbox 640 3915 884 3978; x_wconf 75' lang='lat' dir='ltr'>formalissimua</span> <span class='ocrx_word' id='word_1_236' title='bbox 908 3916 1122 4001; x_wconf 75' lang='lat' dir='ltr'>syllogismon</span> <span class='ocrx_word' id='word_1_237' title='bbox 1169 3915 1283 3980; x_wconf 80' lang='lat' dir='ltr'>Grem-</span> 
     </span>
     <span class='ocr_line' id='line_1_32' title="bbox 233 4015 1283 4103; baseline 0.001 -22"><span class='ocrx_word' id='word_1_238' title='bbox 233 4018 355 4082; x_wconf 78' lang='lat' dir='ltr'>metim</span> <span class='ocrx_word' id='word_1_239' title='bbox 384 4016 487 4103; x_wconf 84' lang='lat' dir='ltr'>igitur</span> <span class='ocrx_word' id='word_1_240' title='bbox 524 4015 672 4080; x_wconf 81' lang='lat' dir='ltr'>instituit</span> <span class='ocrx_word' id='word_1_241' title='bbox 710 4016 798 4101; x_wconf 88' lang='lat' dir='ltr'>quod</span> <span class='ocrx_word' id='word_1_242' title='bbox 835 4016 938 4080; x_wconf 81' lang='lat' dir='ltr'>currit</span> <span class='ocrx_word' id='word_1_243' title='bbox 975 4017 1136 4102; x_wconf 80' lang='lat' dir='ltr'>significet</span> <span class='ocrx_word' id='word_1_244' title='bbox 1172 4023 1283 4082; x_wconf 86' lang='lat' dir='ltr'>aetum</span> 
     </span>
     <span class='ocr_line' id='line_1_33' title="bbox 233 4116 1283 4204; baseline 0 -20"><span class='ocrx_word' id='word_1_245' title='bbox 233 4118 393 4193; x_wconf 82' lang='lat' dir='ltr'>currendi,</span> <span class='ocrx_word' id='word_1_246' title='bbox 442 4123 620 4184; x_wconf 78' lang='lat' dir='ltr'>connotana</span> <span class='ocrx_word' id='word_1_247' title='bbox 669 4116 893 4183; x_wconf 87' lang='lat' dir='ltr'>indifferenter</span> <span class='ocrx_word' id='word_1_248' title='bbox 938 4117 1107 4203; x_wconf 89' lang='lat' dir='ltr'>quodlibet</span> <span class='ocrx_word' id='word_1_249' title='bbox 1155 4122 1283 4204; x_wconf 84' lang='lat' dir='ltr'>tempus</span> 
     </span>
     <span class='ocr_line' id='line_1_34' title="bbox 233 4218 1285 4307; baseline -0.002 -21"><span class='ocrx_word' id='word_1_250' title='bbox 233 4242 381 4307; x_wconf 80' lang='lat' dir='ltr'>praeeena.</span> <span class='ocrx_word' id='word_1_251' title='bbox 429 4219 474 4285; x_wconf 87' lang='lat' dir='ltr'>Et</span> <span class='ocrx_word' id='word_1_252' title='bbox 497 4219 543 4284; x_wconf 82' lang='lat' dir='ltr'>sio</span> <span class='ocrx_word' id='word_1_253' title='bbox 566 4219 636 4284; x_wconf 85' lang='lat' dir='ltr'>heeo</span> <span class='ocrx_word' id='word_1_254' title='bbox 664 4218 777 4294; x_wconf 83' lang='lat' dir='ltr'>omnia,</span> <span class='ocrx_word' id='word_1_255' title='bbox 803 4218 899 4282; x_wconf 90' lang='lat' dir='ltr'>homo</span> <span class='ocrx_word' id='word_1_256' title='bbox 924 4219 1032 4296; x_wconf 85' lang='lat' dir='ltr'>currit,</span> <span class='ocrx_word' id='word_1_257' title='bbox 1058 4219 1167 4306; x_wconf 81' lang='lat' dir='ltr'>signat</span> <span class='ocrx_word' id='word_1_258' title='bbox 1184 4219 1285 4304; x_wconf 82' lang='lat' dir='ltr'>juxta</span> 
     </span>
     <span class='ocr_line' id='line_1_35' title="bbox 234 4319 1285 4410; baseline 0.002 -25"><span class='ocrx_word' id='word_1_259' title='bbox 234 4321 483 4408; x_wconf 80' lang='lat' dir='ltr'>grammaticam</span> <span class='ocrx_word' id='word_1_260' title='bbox 514 4319 602 4406; x_wconf 90' lang='lat' dir='ltr'>quod</span> <span class='ocrx_word' id='word_1_261' title='bbox 633 4321 737 4388; x_wconf 82' lang='lat' dir='ltr'>omnia</span> <span class='ocrx_word' id='word_1_262' title='bbox 767 4319 864 4388; x_wconf 88' lang='lat' dir='ltr'>homo</span> <span class='ocrx_word' id='word_1_263' title='bbox 894 4321 1038 4389; x_wconf 73' lang='lat' dir='ltr'>existens</span> <span class='ocrx_word' id='word_1_264' title='bbox 1068 4341 1111 4393; x_wconf 80' lang='lat' dir='ltr'>ex</span> <span class='ocrx_word' id='word_1_265' title='bbox 1139 4326 1285 4410; x_wconf 85' lang='lat' dir='ltr'>tempore</span> 
     </span>
    </p>
   </div>
   <div class='ocr_carea' id='block_1_3' title="bbox 235 4571 1288 4815">
    <p class='ocr_par' dir='ltr' id='par_1_5' title="bbox 235 4571 1288 4815">
     <span class='ocr_line' id='line_1_36' title="bbox 269 4571 1288 4664; baseline -0.01 -16"><span class='ocrx_word' id='word_1_266' title='bbox 269 4571 567 4664; x_wconf 46' lang='lat' dir='ltr'>praesentinus.</span> <span class='ocrx_word' id='word_1_267' title='bbox 592 4596 647 4648; x_wconf 70' lang='lat' dir='ltr'>rae</span> <span class='ocrx_word' id='word_1_268' title='bbox 658 4597 736 4648; x_wconf 74' lang='lat' dir='ltr'>uxt1</span> <span class='ocrx_word' id='word_1_269' title='bbox 822 4595 1029 4662; x_wconf 59' lang='lat' dir='ltr'>amam]</span> <span class='ocrx_word' id='word_1_270' title='bbox 1051 4596 1115 4648; x_wconf 74' lang='lat' dir='ltr'>rut.</span> <span class='ocrx_word' id='word_1_271' title='bbox 1127 4593 1234 4658; x_wconf 67' lang='lat' dir='ltr'>jurate</span> <span class='ocrx_word' id='word_1_272' title='bbox 1245 4593 1288 4646; x_wconf 66' lang='lat' dir='ltr'>ne</span> 
     </span>
     <span class='ocr_line' id='line_1_37' title="bbox 235 4673 1169 4739; baseline -0.001 -16"><span class='ocrx_word' id='word_1_273' title='bbox 235 4675 447 4728; x_wconf 72' lang='lat' dir='ltr'>vouldtramiate</span> <span class='ocrx_word' id='word_1_274' title='bbox 458 4673 649 4739; x_wconf 72' lang='lat' dir='ltr'>moreproperlp.</span> <span class='ocrx_word' id='word_1_275' title='bbox 789 4675 932 4738; x_wconf 68' lang='lat' dir='ltr'>coniectore</span> <span class='ocrx_word' id='word_1_276' title='bbox 943 4690 976 4724; x_wconf 91' lang='lat' dir='ltr'>on</span> <span class='ocrx_word' id='word_1_277' title='bbox 987 4691 1011 4738; x_wconf 88' lang='lat' dir='ltr'>p.</span> <span class='ocrx_word' id='word_1_278' title='bbox 1026 4680 1065 4735; x_wconf 79' lang='lat'>12,</span> <span class='ocrx_word' id='word_1_279' title='bbox 1077 4681 1134 4723; x_wconf 83' lang='lat' dir='ltr'>note</span> <span class='ocrx_word' id='word_1_280' title='bbox 1148 4678 1169 4722; x_wconf 90' lang='lat' dir='ltr'>l.</span> 
     </span>
     <span class='ocr_line' id='line_1_38' title="bbox 1093 4753 1197 4815; baseline -0.01 0"><span class='ocrx_word' id='word_1_281' title='bbox 1093 4767 1153 4815; x_wconf 83' lang='lat' dir='ltr'>oo</span> <span class='ocrx_word' id='word_1_282' title='bbox 1177 4753 1197 4814; x_wconf 80' lang='lat'><strong>2</strong></span> 
     </span>
    </p>
   </div>
   <div class='ocr_carea' id='block_1_4' title="bbox 0 0 1524 5490">
    <p class='ocr_par' dir='ltr' id='par_1_6' title="bbox 0 0 1524 5490">
     <span class='ocr_line' id='line_1_39' title="bbox 0 0 1524 5490; baseline 0 0"><span class='ocrx_word' id='word_1_283' title='bbox 0 0 1524 5490; x_wconf 95' lang='lat' dir='ltr'> </span> 
     </span>
    </p>
   </div>
  </div>
 </body>
</html>
