3008 5490
553 724 732 777 rssorcuur
755 725 981 776 mzrruosorr.
1220 711 1285 774 423

228 910 328 999 quod
348 914 493 998 potestas
515 911 639 1000 ligendi
666 917 701 978 et
722 910 869 979 solvendi
889 910 1116 977 sacerdotibus
1130 932 1284 986 concessa,

195 1004 305 1081 ,ξιοιι
334 1014 465 1080 exoedit
492 1018 689 1100 potestatem
722 1015 860 1082 eliorum
889 1016 1034 1081 virorum
1063 1013 1285 1100 perfectomm‚

184 1140 208 1199 -;÷
223 1112 290 1183 vel
303 1115 487 1182 mulierum

279 1214 391 1283 Istum
428 1218 608 1297 articulum,
640 1224 675 1285 et
711 1223 865 1288 contente
901 1217 937 1283 in
973 1218 1093 1294 codem,
1131 1217 1287 1305 praefctus

184 1332 186 1339 '
224 1314 424 1387 willelmus
452 1319 578 1408 Whyte
614 1328 695 1388 tunc
731 1321 854 1387 ibidem
886 1320 1087 1406 judicialiter
1122 1320 1287 1387 fatebatur

199 1502 202 1507 .
224 1442 387 1510 expoeoee
408 1445 443 1490 sc
465 1423 614 1502 tenuisse,
638 1423 799 1512 scripsisse
822 1429 856 1489 et
878 1421 1029 1489 docuisse.

736 1633 797 1699 XI.

280 1776 370 1846 Item
399 1779 463 1847 tibi
493 1781 736 1867 obj··101mus,et
765 1780 976 1846 articulamur
1012 1778 1107 1864 quod,
1138 1784 1219 1864 post,
1252 1784 1387 1854 ethr
1392 1820 1453 1855 orru-

225 1887 352 1949 contra
380 1805 569 1970 pmdictuln
599 1881 883 1969 abjurationem,
874 1905 910 1946 ιιι
935 1887 1047 1946 nostra
1081 1878 1212 1944 dioecesi
1246 1886 1285 1945 tu
1295 1818 1438 1988 &3:3¹¹

224 1982 381 2061 annisi,
411 1982 588 2062 affirmasti,
629 1983 785 2072 scripsisti
816 1990 850 2048 et
889 1983 1026 2049 docuisti
1057 1981 1144 2068 quod
1174 1982 1324 2049 nullusne
1335 2008 1360 2051 ro
1376 2003 1419 2054 the

224 2085 382 2152 nccrdos
417 2087 594 2153 secundum
632 2087 733 2151 ritum
765 2091 798 2151 et
828 2084 1095 2151 consuetudinem
1137 2081 1341 2150 ecclcsiaeec
1296 2067 1427 2121 “lm

225 2184 427 2253 universalis
452 2187 629 2267 ordinatus,
658 2209 755 2274 quem
785 2188 937 2253 tamen
927 2211 963 2252 m
992 2187 1059 2252 tuis
1088 2186 1284 2252 tractatibus

228 2293 269 2355 et
299 2287 417 2354 libellis
446 2290 644 2356 sacerdotem
668 2289 864 2355 Antichristi
894 2289 1109 2355 communiter
1133 2288 1284 2376 appellas,

226 2388 336 2456 lrsbet
364 2395 561 2478 potestatem
592 2391 782 2458 conficiendi
811 2413 924 2478 corpus
956 2388 1078 2457 Christi
1090 2416 1098 2471 ;
1132 2390 1189 2455 sed
1211 2397 1285 2477 post

228 2491 338 2558 verba
373 2493 619 2559 sacramentalia
649 2516 670 2558 a
698 2493 758 2558 tsli
799 2492 990 2580 presbytero
1027 2491 1161 2577 prolata,
1192 2492 1285 2577 penis

230 2595 415 2660 materialis
439 2602 586 2660 remanet
610 2596 646 2659 in
667 2594 772 2660 altari

280 2692 389 2762 Istum
425 2697 600 2762 articulum
636 2695 794 2784 praefstus
836 2690 1014 2762 Willelmus
1045 2692 1170 2780 Whytc
1207 2700 1286 2759 tuno

233 2796 360 2864 ibidem
394 2795 596 2883 judicialiter
632 2798 805 2875 fatebatur,
844 2801 879 2863 et
916 2793 1104 2884 recognovit
1141 2819 1175 2861 se
1212 2803 1287 2882 post

232 2897 474 2984 abjurationem
522 2923 615 2965 suam
664 2896 852 2987 praedictam
902 2898 1052 2976 tenuisse,
1102 2898 1284 2969 affirmasse.

233 3002 399 3088 scripsisse
415 3008 449 3068 ct
464 3003 616 3069 docuisse.

626 3298 631 3309 ,
725 3222 804 3291 mr.

280 3374 368 3442 Item
405 3375 468 3440 tibi
498 3373 644 3451 dicimus,
675 3373 844 3459 objicimus
885 3379 919 3438 et
948 3366 1166 3451 articulsmur,
1199 3375 1341 3460 quodn„
1342 3405 1433 3460 lm„

233 3483 310 3566 post
335 3484 370 3543 ct
395 3483 510 3543 contra
530 3483 623 3542 tuam
645 3474 832 3560 hujusmodi
854 3474 1125 3560 abjurationem
1116 3498 1151 3539 ιιι
1174 3473 1442 3592 nostr-arreum

234 3580 367 3646 dioeocsi
389 3587 428 3645 tu
450 3579 594 3654 tenuisti,
619 3498 796 3653 affirlnssti‚
814 3581 848 3642 st
869 3577 1007 3643 docuisti
1034 3578 1122 3662 quod
1148 3540 1329 3663 quilibet⁰
1296 3605 1403 3658 faiam

234 3682 372 3748 fidelis
363 3705 399 3746 ιιι
423 3680 554 3747 Christo
575 3680 657 3745 Jcsu
680 3685 731 3744 est
752 3679 898 3744 sacerdos
920 3678 1030 3744 electae
1054 3678 1193 3744 ceclesioe
1216 3680 1286 3745 Dei.

236 3782 279 3848 In
305 3789 439 3848 tuntum
473 3784 561 3868 quod
594 3783 646 3847 die
672 3788 784 3847 sancto
812 3780 943 3846 Puschae
969 3781 1086 3846 ultimo
1121 3783 1288 3867 praeterito

234 3885 271 3950 in
293 3885 435 3970 quedam
459 3891 519 3949 tua
541 3905 666 3949 cremera
689 3883 724 3947 in
748 3883 899 3969 parochia
921 3883 961 3947 de
979 3877 1145 3968 Bergholt¹
1168 3892 1288 3950 nostrae

235 3987 383 4054 dioeccsis
420 3985 607 4053 Johunnem
644 3986 759 4051 Scutte
796 3985 922 4060 laicum,
954 3990 1049 4048 tuum
1083 3984 1286 4071 discipulum,

235 4094 276 4155 ut
312 4087 416 4154 officio
460 4086 642 4175 presbyteri
679 4088 870 4173 fungeretur
915 4085 1085 4161 induxisti,
1118 4087 1288 4172 ipsumque

235 4197 274 4256 ut
304 4212 422 4276 punem
453 4190 625 4276 frangeret,
657 4212 694 4253 ac
723 4189 847 4273 gratias
874 4188 945 4252 Deo
970 4193 1089 4273 ageret,
1116 4194 1151 4252 et
1169 4206 1288 4273 panem

233 4291 424 4380 hujusmodi
462 4291 534 4366 tibi,
573 4296 640 4356 ture
679 4289 875 4366 concubine,
916 4288 1080 4352 Willelmo
1126 4289 1286 4370 Everdon,

257 4641 264 4675 ¹
278 4633 409 4710 Berplolt]
431 4630 533 4708 sergrr,
545 4641 602 4695 MS.
636 4640 697 4692 Balc
708 4638 754 4692 lm
765 4639 864 4692 written
875 4640 917 4694 tlre
928 4639 985 4692 dare
999 4642 1060 4690 1⁴27
1073 4637 1099 4689 in
1110 4637 1153 4691 the
1160 4630 1266 4705 malgizrr
