3158 5490
570 740 747 794 racemum
771 740 998 792 zrasuroauu.
1244 727 1308 791 429

261 931 407 1006 tenuisti,
439 931 616 1007 affinnasti
652 933 807 1019 scripsisti
842 937 876 998 et
918 930 1065 1008 docuisti,
1098 933 1186 1019 quod
1223 934 1310 1018 quis·

260 1053 385 1118 cunque
416 1034 528 1109 fidelis,
561 1035 660 1099 etiam
691 1057 760 1101 non
788 1037 906 1100 missus
937 1035 990 1099 vel
1027 1035 1215 1099 licentiatus
1252 1056 1310 1120 per

260 1136 457 1201 dioecesanos
494 1158 551 1201 seu
577 1135 764 1213 ordinarios,
793 1159 860 1202 non
886 1137 1038 1203 obstante
1074 1136 1309 1201 constitutione

260 1236 400 1303 ccclesiae
428 1238 497 1303 lata
538 1239 573 1302 in
607 1240 813 1315 contrarium,
852 1243 960 1325 potest
996 1238 1097 1303 libere
1134 1238 1309 1325 praedicare

259 1339 396 1403 verbum
427 1339 502 1418 Dei,
533 1341 610 1425 quia
646 1341 763 1405 beatus
794 1340 956 1424 Wyccliff,
995 1345 1034 1404 ut
1071 1341 1138 1405 tuis
1176 1345 1309 1405 utamur

262 1440 376 1517 verbis,
403 1441 521 1527 probat
551 1442 587 1506 in
616 1440 698 1507 suis¹
722 1491 728 1506 .
753 1492 759 1505 .
784 1443 886 1528 ipsam
913 1463 1083 1527 personam
1113 1463 1180 1506 esse
1211 1442 1308 1506 male·

259 1542 381 1606 dictam
405 1565 479 1629 quae
510 1549 620 1619 cessat,
652 1550 784 1630 propter
814 1543 1180 1609 excommunicationem
1210 1543 1308 1608 Anti·

259 1643 381 1724 cbn'sti
405 1645 569 1731 publicare
591 1646 796 1732 evangelium
821 1645 952 1721 Christi,
976 1644 1094 1732 populo
1126 1645 1184 1731 qui
1206 1644 1308 1710 esurit

259 1751 294 1810 et
315 1746 386 1811 sitit
408 1746 512 1833 legem
536 1747 605 1812 Dei
739 1762 742 1767 ’

304 1847 411 1914 Istum
458 1850 630 1915 articidum
678 1851 783 1915 dictus
830 1849 1014 1914 Willelmus
1051 1847 1175 1935 Wbyte
1224 1847 1306 1915 fate-

258 1951 363 2026 batur,
396 1956 430 2018 et
458 1952 647 2039 recognovit
676 1952 878 2038 judicialiter
900 1956 979 2016 tunc
1001 1951 1123 2016 ibidem
1145 1973 1180 2015 se
1211 1956 1305 2015 tenu-

260 2053 329 2132 isse,
345 2052 527 2132 affirmasse,
551 2054 713 2140 scripsisse
735 2058 770 2119 et
792 2053 945 2131 docuisse,
969 2058 1044 2140 post
1066 2053 1304 2137 abjurationem

258 2177 350 2220 suam
376 2156 572 2246 praedictam.

732 2391 836 2458 XXV.

303 2536 391 2603 Item
417 2536 480 2602 tibi
511 2536 656 2613 dicimus,
694 2535 864 2621 objicimus
895 2539 929 2599 et
959 2534 1177 2611 articulamur,
1217 2534 1305 2620 quod
1318 2526 1439 2608 woanip

258 2645 332 2725 post
368 2645 402 2704 et
439 2643 552 2704 contra
600 2641 692 2704 tuam
741 2637 931 2722 praedictam
981 2636 1226 2720 abjurationem,
1266 2594 1439 2701 tu⁰f⁷²¹¹⁰⁸

258 2742 402 2819 tenuisti,
429 2740 606 2815 affirmasti,
634 2739 790 2825 scripsisti
814 2743 849 2803 et
875 2736 1021 2817 docuisti,
1047 2739 1133 2824 quod
1160 2738 1306 2824 reliquiae

258 2850 453 2920 sanctorum,
480 2843 603 2907 scilicet
628 2863 738 2906 carnes
764 2846 798 2906 et
825 2860 896 2905 ossa
921 2839 1062 2905 hominis
1085 2840 1215 2916 mortui,
1240 2861 1307 2905 non

259 2945 380 3010 debent
409 2967 429 3009 a
458 2944 577 3031 populo
603 2943 760 3019 venerari,
788 2964 847 3008 nec
878 2942 918 3006 de
948 2948 1160 3007 monumento
1189 2942 1307 3007 foetido

246 3046 396 3123 -extrahi,
423 3047 542 3111 necin
568 3067 665 3132 capsa
691 3067 789 3111 aurea
815 3045 868 3109 vel
894 3049 1049 3131 argentea
1074 3045 1186 3130 reponi
1198 3069 1206 3125 ;
1229 3044 1307 3130 quia

258 3148 405 3214 homines
431 3149 476 3213 sic
502 3148 657 3214 facientes
689 3168 758 3212 non
787 3146 951 3212 honorant
980 3145 1088 3212 Deum
1114 3151 1149 3211 et
1178 3151 1306 3211 saumas

260 3250 338 3334 ejus,
364 3251 421 3315 sed
443 3251 655 3315 committunt
676 3247 872 3314 idolatriam

303 3353 410 3418 Istum
436 3352 610 3418 articulum
636 3351 790 3438 praefatus
812 3350 994 3416 Willclmus
1009 3349 1134 3436 Whyte
1157 3349 1304 3427 asseruit,

258 3460 291 3519 et
317 3454 483 3520 fatebatur
504 3453 705 3540 judicialiter
732 3459 812 3519 tunc
841 3453 964 3519 ibidem
992 3473 1027 3517 se
1049 3452 1199 3529 tenuisse,
1223 3449 1307 3516 affir-

258 3578 369 3633 masse,
400 3556 562 3643 scripsisse
592 3560 626 3622 et
656 3555 808 3632 docuisse,
836 3560 911 3643 post
939 3553 1179 3641 abjurationem
1213 3574 1306 3618 suam

260 3659 457 3745 praedictam.

719 3878 844 3946 XXVI.

303 4029 390 4095 Item
420 4027 484 4093 tibi
514 4027 659 4104 dicimus,
692 4023 863 4113 objicimus
902 4029 936 4091 et
965 4026 1185 4105 articulamur,
1218 4026 1306 4112 quod
1319 4032 1459 4112 adoratos

259 4135 332 4216 post
370 4136 404 4196 et
442 4133 555 4194 contra
601 4135 693 4194 tuam
742 4127 931 4215 praedictam
980 4127 1229 4212 abjurationem,
1269 4100 1348 4194 tu⁰f
1362 4115 1465 4167 ”mm

257 4233 403 4313 tenuisti,
441 4230 617 4306 affirmasti,
667 4229 823 4318 scripsisti
860 4235 894 4295 et
933 4229 1079 4306 docuisti,
1115 4230 1203 4316 quod
1239 4252 1307 4298 non

272 4541 374 4715 ¹'¹431an
388 4582 769 4655 followedhysblankicMS.
801 4553 964 4637 Semonibus
976 4582 1065 4641 aona
1076 4583 1309 4652 pausarem-

256 4677 273 4727 p
284 4679 291 4712 l
