3008 5490
400 720 403 726 '
464 731 645 784 erroreum
668 731 888 783 znmronmr.
1136 716 1203 789 387

148 920 306 995 &mrim
330 922 501 989 hominum
527 944 602 988 oum
632 928 772 1010 peceato,
798 928 835 989 et
864 920 1061 988 trahendum
1092 944 1145 987 eos
1167 924 1202 988 in

148 1010 324 1099 Μυκη
387 1025 432 1090 Et
477 1025 565 1110 quod
614 1024 801 1111 hujusmodi
854 1023 1010 1090 consessio
1064 1025 1204 1091 destruit

148 1124 345 1245 mm
366 1129 537 1216 evangelii,
569 1134 604 1193 et
633 1129 772 1215 impedit
801 1127 950 1192 homines
981 1129 1025 1192 ad
1056 1150 1202 1214 quaeren-

148 1220 245 1315 'flua
283 1235 320 1297 et
357 1231 536 1297 tenendum
574 1230 702 1318 sapiens
740 1230 911 1295 consilium
949 1235 984 1295 et
1021 1231 1202 1296 doctrinam

148 1333 361 1415 'uemdotum
385 1333 458 1411 Dei,
483 1333 578 1419 qui
571 1334 680 1400 sciunt
709 1333 849 1398 fideliter
882 1354 1011 1399 servare
1040 1341 1203 1421 praecepta

148 1434 266 1529 flu
282 1441 318 1502 et
338 1436 463 1501 vellent
483 1435 625 1501 libenter
649 1437 762 1501 docere
788 1435 945 1522 populum
969 1439 1091 1500 rectam
1113 1437 1203 1501 viam

148 1536 198 1605 n'd
226 1536 353 1604 ooelum.
400 1538 538 1625 Propter
568 1539 656 1624 quod
689 1560 801 1602 omnes
835 1537 1011 1614 christiani,
1036 1543 1070 1602 et
1103 1539 1204 1622 speci·

148 1637 253 1715 iliter
273 1660 385 1707 omnes
416 1640 548 1730 Anglici
580 1640 701 1709 debent
734 1640 916 1710 exclamare
949 1645 1062 1707 eontra
1093 1639 1203 1725 hujus-

645 1917 711 1985 III.

195 2048 254 2119 De
275 2058 478 2118 saoramento
501 2050 624 2118 ordinis
647 2052 735 2128 dicit,
1219 2064 1347 2115 ertone

197 2156 230 2221 1.
252 2151 350 2234 Quod
387 2175 498 2220 omnes
535 2154 616 2221 boni
653 2153 824 2219 christiani
853 2159 931 2218 eunt
968 2154 1202 2241 praedestinati,
1216 2139 1354 2252 ἓξὲξ*

148 2254 224 2327 ml
248 2256 429 2322 saoerdotes
452 2257 604 2334 ordinati,
632 2278 690 2322 seu
711 2257 790 2321 faeti
814 2278 835 2320 a
859 2256 929 2321 Deo
945 2257 988 2322 ad
1003 2256 1203 2323 offerendum

148 2357 357 2429 (offirmtum
348 2382 384 2424 m
408 2358 530 2446 seipsis,
559 2366 593 2424 et
615 2359 735 2446 seipsos
767 2357 920 2437 Christo,l
953 2364 987 2424 et
1017 2360 1059 2424 ad
1090 2360 1204 2426 doeen-

148 2460 233 2531 dm
266 2461 473 2548 evangelium
504 2462 671 2548 proximis,
708 2460 810 2527 verbo
843 2468 877 2527 et
900 2461 1058 2548 exemplo.
1105 2461 1203 2527 Seou-

148 2563 238 2633 lwes
252 2585 333 2630 vero
346 2563 452 2629 clerici
474 2563 548 2651 plus
571 2564 783 2651 magnificant
806 2564 896 2629 nuda
918 2565 1011 2651 signa
1033 2563 1204 2629 sacerdotii

148 2665 333 2733 rdinventa
355 2688 413 2753 per
438 2665 585 2731 hominos
610 2671 801 2752 peccatores,
830 2688 929 2752 quam
955 2688 1070 2732 verum
1101 2687 1203 2730 saeer-

148 2766 283 2837 dotium
305 2766 369 2832 Dei
392 2768 568 2833 fundatum
591 2769 627 2833 in
648 2790 727 2833 vera
750 2769 822 2847 fide,
847 2791 885 2833 ac
907 2768 1001 2833 bonis
1024 2767 1180 2855 operibus

195 2871 228 2937 Β.
253 2869 340 2938 Item
381 2871 470 2956 qnod
516 2870 544 2934 si
582 2893 663 2958 opus
710 2876 794 2938 esset
840 2870 961 2935 habere
998 2870 1204 2957 presbyteros

149 2971 285 3050 ordinis,
317 2972 408 3038 Deus
437 2973 499 3037 scit
529 2978 563 3038 et
596 2980 712 3061 potest,
745 2996 818 3038 cum
851 2975 881 3038 ei
911 2974 1077 3059 placuerit,
1101 2973 1204 3039 faeere

150 3075 360 3164 presbyteros
384 3077 454 3140 sine
477 3077 664 3162 operatione
679 3077 831 3154 humana,
858 3082 892 3142 et
916 3077 1018 3162 signis
1034 3077 1204 3141 hominum

150 3177 381 3266 peecatorum?
427 3179 462 3242 id
500 3184 557 3256 eat,
608 3180 676 3243 sine
714 3181 932 3256 moramentis,
971 3180 1041 3246 sive
1078 3180 1204 3245 oharao-

149 3280 285 3355 teribus,
325 3282 545 3367 agnoscendos
582 3283 618 3346 in
656 3283 775 3369 populo
812 3304 870 3370 per
908 3305 1018 3348 eorum
1056 3288 1203 3348 sanctam

150 3385 267 3460 vitam,
307 3390 341 3448 et
379 3384 574 3470 exemplum,
615 3391 649 3449 et
678 3407 790 3450 veram
829 3386 1090 3472 praedicationem
1124 3385 1204 3472 legis

151 3485 284 3552 divinae.
331 3485 384 3550 Sic
415 3487 503 3551 enim
541 3487 620 3552 fecit
653 3489 885 3574 primogenitos
915 3487 1121 3575 presbyteros
1150 3489 1204 3553 vel

150 3589 336 3655 secerdotes
374 3594 452 3654 ante
491 3590 596 3676 legem
636 3588 781 3676 Moysis⁸
825 3590 870 3654 Et
908 3591 953 3654 sio
990 3589 1067 3655 fecit
1096 3591 1203 3678 ipsum

152 3691 304 3778 Moyeem
339 3693 538 3757 sacerdotem
576 3697 653 3758 ante
679 3693 800 3770 Aaron,
825 3698 859 3758 et
885 3692 1084 3757 caerimonias
1113 3693 1202 3780 legis,

150 3795 274 3881 absque
305 3796 493 3881 operatione
531 3796 682 3861 humana
728 3796 774 3860 Et
811 3796 857 3860 sic
888 3817 999 3860 omnes
1037 3797 1205 3882 praedesti-

150 3904 250 3964 natos
273 3898 353 3963 feeit
377 3898 467 3965 Deus
490 3899 678 3964 sacerdotes.
735 3899 800 3964 Sed
830 3898 998 3963 christiani
1029 3921 1094 3963 non
1125 3900 1205 3965 reoi-

150 4001 250 4089 piunt
271 4001 355 4065 tales
379 4007 418 4065 ut
440 4002 645 4087 presbyteros
669 4002 732 4066 nisi
755 4007 917 4086 quotenus
943 4002 1005 4088 ipsi
1031 4002 1205 4068 imitantur

152 4103 332 4182 Christum,
359 4109 393 4170 et
419 4104 489 4191 ejus
516 4104 700 4191 apostolom
732 4126 791 4170 nec
817 4109 932 4171 tenent
959 4105 1091 4171 omnino
1116 4106 1203 4193 quod

502 4326 522 4330 ..-
539 4325 604 4331 ,--.
616 4327 624 4330 .-
635 4325 741 4331 ---.-—
753 4325 942 4332 -—-—-————
954 4326 1202 4334 --.—-—-—-—..-.—-

184 4462 192 4492 ¹
208 4461 321 4528 Christo]
335 4460 436 4521 christi,
448 4461 504 4512 MS.
706 4466 721 4491 “
733 4463 856 4527 quomodo
872 4463 959 4516 llmdtd
977 4463 1072 4531 aliquos
1091 4461 1145 4513 fieri
1164 4477 1203 4512 se-

185 4544 196 4574 ²
204 4542 371 4608 peccalorum]
392 4541 448 4591 The
459 4541 587 4607 following
597 4549 655 4592 note
706 4548 720 4571 ‘⁴
731 4543 842 4593 cerdotea
853 4543 932 4593 solum
943 4558 957 4593 a
969 4543 1048 4594 Deo.”

149 4624 174 4674 ia
196 4622 297 4672 written
320 4621 347 4670 in
370 4621 411 4670 the
437 4621 543 4685 margin,
565 4622 591 4670 in
614 4622 656 4671 the
740 4621 869 4689 ³Moysis]
883 4623 975 4688 Moysi,
987 4622 1044 4674 MS.

150 4702 255 4768 vriting
266 4700 296 4751 os
303 4701 346 4751 the
357 4701 509 4750 transcribet
520 4706 577 4751 :·“
589 4702 656 4751 Noto

1014 4785 1113 4845 ΒΜ
