3008 5490
366 688 432 752 160
682 699 861 749 rascrcunr
883 698 1108 749 zrzlurouuu.

364 889 551 970 corporetur
571 883 695 970 corpori
717 889 838 962 nostro,
854 890 894 948 ut
913 883 962 949 ait
989 882 1166 961 Rabanus,¹
1192 906 1251 969 per
1271 884 1417 951 accidens

365 986 527 1072 corporale
550 992 585 1051 et
608 1008 675 1051 non
698 1008 756 1071 per
778 986 997 1051 substantiam
1021 985 1228 1071 corporalem

194 1099 337 1163 curoppo-
412 1087 619 1154 Confitentur
649 1088 706 1152 alii
732 1089 820 1172 quod
845 1088 968 1152 habent
993 1086 1071 1173 pro²
1092 1109 1128 1152 se
1151 1086 1290 1173 logicam
1312 1087 1417 1176 Scrip-

194 1167 353 1281 {ffiffaim
365 1196 457 1267 turae,
480 1211 517 1255 eo
540 1191 628 1275 quod
651 1188 826 1276 Scriptura,
843 1190 974 1274 quando
992 1188 1139 1274 loquitur
1156 1189 1197 1253 de
1214 1197 1416 1257 sacramento

195 1298 302 1349 eruetha
364 1292 513 1377 corporis,
530 1296 625 1356 vocat
648 1291 731 1354 illud
756 1312 882 1376 panem,
909 1295 943 1355 et
972 1290 1033 1355 hoc
1058 1290 1245 1374 ubicunque
1270 1291 1417 1376 loquitur

196 1362 261 1427 logio
273 1366 302 1413 of

193 1429 329 1494 Scriptum.
365 1395 405 1457 de
429 1398 631 1458 sacramento
654 1393 725 1457 isto.

409 1495 499 1559 Huic
528 1496 648 1560 dicitur
677 1495 765 1578 quod
798 1494 883 1558 sicut
913 1492 1081 1579 Scriptura
1106 1494 1215 1558 utitur
1243 1492 1328 1560 isto³
1353 1498 1416 1560 ter-

362 1597 452 1661 mino
490 1597 585 1682 panis
623 1618 681 1681 pro
714 1599 915 1659 sacramento
953 1596 1101 1680 corporis,
1134 1596 1183 1659 ita
1212 1597 1322 1660 utitur
1351 1599 1415 1663 isto

361 1699 502 1763 termino
539 1699 625 1762 calix
671 1719 729 1783 pro
775 1701 977 1761 sacramento
1017 1697 1191 1782 sangrunis
1247 1697 1293 1762 Et
1330 1699 1415 1764 sicut

361 1801 493 1885 sanguis
524 1798 648 1864 Christi
677 1819 744 1863 non
774 1803 823 1860 est
853 1797 939 1861 calix
976 1803 1175 1883 argenteus;
1213 1799 1262 1863 ita
1299 1821 1413 1886 corpus

361 1923 427 1965 non
466 1907 516 1965 est
554 1901 609 1963 ille
647 1898 741 1984 panis
779 1899 978 1978 materialis3
1017 1900 1074 1962 sed
1103 1900 1196 1984 panis
1235 1902 1413 1967 secundum

359 2003 496 2086 speciem
525 2006 666 2076 tantum,
698 2001 782 2063 sicut
817 1999 927 2085 prius⁴
957 2001 1082 2064 dictum
1111 2008 1168 2065 est.
1230 2000 1276 2067 Et
1305 2004 1435 2088 potest¹

360 2102 424 2166 dici
455 2102 548 2186 panis
585 2097 669 2164 alio⁵
709 2101 813 2176 mod0,
846 2122 910 2184 quo
952 2098 1059 2166 saora⁶
1094 2101 1264 2188 Scriptura
1293 2106 1411 2182 utitur,

359 2201 413 2267 et⁷
439 2202 594 2268 attribuit
624 2202 764 2265 termino
790 2203 981 2267 mutationis
1004 2204 1046 2267 ad
1069 2225 1174 2288 quem,
1201 2226 1321 2270 nomen
1347 2212 1413 2272 ter·

358 2305 441 2368 mini
456 2327 476 2368 a
491 2325 556 2388 quo
571 2301 728 2386 ejusdem⁸
742 2303 955 2383 mutationis3
970 2311 1010 2369 ut
1025 2305 1133 2370 Exodi
1154 2323 1213 2369 vn.
1233 2309 1275 2370 12
1291 2307 1412 2373 dieitur

358 2407 399 2470 de
416 2406 518 2491 virgis
536 2405 698 2470 conversis
716 2405 752 2467 in
772 2403 949 2489 serpentes⁹
967 2407 1055 2489 quod
1073 2409 1166 2492 virga
1182 2408 1295 2474 Aaron
1313 2410 1411 2476 devo-

356 2507 445 2571 ravit
474 2507 583 2592 virgas
622 2527 799 2592 magorum,
834 2506 892 2569 ubi
928 2515 1110 2593 serpentem
1140 2510 1269 2595 virgam
1304 2516 1410 2589 vocat,

356 2609 434 2695 quia
458 2609 498 2673 de
521 2608 616 2693 virga
647 2607 755 2671 fiebat.
817 2607 976 2672 Similiter
1000 2608 1134 2674 Genesis
1159 2627 1194 2673 11.
1221 2615 1273 2689 23,
1300 2612 1410 2679 Adam

355 2711 487 2778 vocavit
513 2709 618 2774 Evam
646 2731 681 2774 os
707 2714 741 2773 et
767 2730 904 2784 carnem,
936 2710 1014 2793 quia
1044 2717 1114 2775 erat
1144 2734 1180 2777 os
1210 2735 1252 2777 ex
1284 2715 1408 2780 ossibus

355 2814 432 2899 ejus,
462 2819 496 2877 et
533 2834 606 2878 curo
643 2811 685 2874 de
722 2832 816 2874 carne
853 2832 919 2874 sua
965 2811 1011 2876 Et
1048 2814 1288 2879 consimiliter¹⁰
1311 2817 1408 2881 homo

354 2916 475 2980 dicitur
503 2919 599 2990 terra,
631 2913 709 2998 quia
738 2912 777 2976 fit
808 2933 849 2974 ex
880 2911 998 2975 terra.ll
1043 2913 1088 2977 Et
1114 2914 1264 2979 Christus
1289 2918 1409 2982 dicitur

354 3040 464 3082 semen
494 3017 645 3092 Abrahae,
678 3015 756 3099 quia
785 3035 827 3077 ex
857 3014 979 3076 semine
1010 3015 1152 3079 Abrahae
1188 3020 1342 3101 processit
1372 3021 1408 3083 in

353 3142 455 3184 carne.
503 3121 566 3182 His
591 3126 624 3183 et
648 3118 720 3181 aliis
745 3116 856 3188 modis,
874 3117 958 3178 sicut
981 3115 1060 3178 alias
1084 3117 1175 3180 fuit¹²
1197 3119 1404 3193 declaratum,

353 3223 548 3286 sufficienter
581 3219 765 3303 responderi
797 3224 904 3302 potest
937 3217 979 3279 ad
1016 3216 1225 3302 Scripturanr,
1259 3229 1292 3284 et
1327 3220 1405 3285 ad¹³

352 3324 441 3385 diota
475 3325 659 3383 sanctorum
697 3320 736 3382 de
774 3341 858 3402 pane
896 3325 929 3381 et
966 3319 1052 3393 vino,
1093 3321 1211 3403 quibus
1249 3324 1405 3387 videntur

350 3442 490 3485 asserere
515 3421 601 3503 quod
620 3421 712 3502 panis
730 3425 763 3482 et
782 3421 895 3482 vinum
919 3426 991 3502 post
1014 3424 1286 3486 consecrationem
1302 3447 1407 3488 rema-

351 3529 432 3586 nent
455 3522 491 3586 in
513 3521 617 3584 altari.

397 3624 545 3689 Ulterius
570 3622 674 3684 dicere
689 3626 817 3705 oportet
832 3623 918 3706 quod
946 3623 1030 3686 sicut
1057 3625 1249 3689 eucharistia
1273 3632 1403 3693 nonest

384 3974 390 4002 ¹
416 3973 533 4020 Rabanus
558 3971 671 4030 Maurus,
692 3971 723 4017 de
749 3968 851 4016 Institu-
872 3981 874 4023 Ι
930 3968 985 4031 ⁷r1]
1000 3970 1082 4024 ctiam,
1094 3969 1128 4021 A.
1140 3970 1169 4018 B.

350 4052 417 4099 tione
438 4050 600 4110 Clerieorum,
621 4065 638 4099 ι.
653 4064 706 4112 cap.
726 4053 765 4105 al,
786 4056 851 4094 must
871 4038 875 4083 ¹
929 4047 1064 4110 Myliadum]
1079 4048 1139 4108 ojus,
1152 4049 1181 4104 B,
1193 4049 1222 4097 C.

350 4131 380 4176 tc
398 4128 508 4176 referred
524 4137 567 4187 ¹05
585 4130 630 4177 but
648 4128 689 4177 the
711 4126 792 4173 words
809 4141 850 4173 are
928 4125 1189 4190 ”carpis-serpentes]
1204 4128 1332 4190 speciebus
1340 4145 1399 4178 con·

351 4207 374 4256 T
376 4205 534 4270 yssiugton's,
550 4207 655 4269 perhaps
671 4206 713 4253 the
729 4219 805 4251 sense.
870 4234 873 4257 1
896 4203 973 4250 vorsis
1002 4203 1028 4249 in
1052 4204 1144 4265 virgas,
1171 4205 1212 4262 A,
1242 4209 1396 4268 serpentibus

381 4287 391 4314 ²
398 4284 459 4348 pro]
474 4299 525 4345 per,
537 4285 570 4340 A,
581 4285 611 4339 Β,
623 4283 652 4333 C.
870 4264 873 4349 ξ
895 4279 1020 4328 conversis
1033 4281 1057 4327 iu
1070 4281 1161 4343 virgas,
1173 4283 1203 4331 B.

382 4361 461 4425 ¹is!0]
476 4362 525 4418 illo,
537 4361 571 4410 Α,
929 4360 947 4386 ¹¹
958 4358 1122 4423 corrrimililcr]
1137 4359 1256 4419 similiter,
1270 4364 1302 4421 Α,
1315 4364 1344 4412 B.

381 4440 483 4503 ‘priuiq
498 4455 578 4502 supra,
591 4438 620 4488 C,
930 4438 945 4464 ¹¹
959 4438 1129 4501 quia-torro]
1143 4454 1191 4487 om.
1206 4439 1233 4489 C.

379 4518 461 4582 ¹ulio]
475 4519 564 4580 aliquo,
576 4516 623 4575 Ait
929 4515 1021 4577 ¹²s¹¹¹¹l
1035 4515 1122 4573 suerat,
1135 4517 1168 4575 A,
1180 4518 1209 4566 B.

378 4597 485 4660 ‘sucru]
499 4597 598 4653 scilicet,
610 4595 640 4643 Β,
929 4594 947 4621 ¹¹
958 4593 1004 4657 ud]
1018 4608 1066 4642 om.
1079 4595 1109 4643 B.
