3008 5490
566 780 746 835 eusdem
767 781 992 834 zrzsrroauu
1262 772 1305 842 87

282 965 367 1030 annu
384 968 551 1053 praeterita
571 969 626 1035 vel
647 970 760 1037 futura
781 976 860 1037 sunt
876 971 948 1037 Deo
963 969 1143 1057 praesentia,
1161 974 1195 1034 et
1217 991 1299 1055 prce-
1312 989 1404 1040 known
1415 1000 1442 1042 to

277 1067 429 1135 entialiter
450 1071 591 1158 cognita,
608 1073 696 1158 quod
722 1073 809 1139 idem
835 1080 885 1140 est
914 1073 1092 1140 secundum
1114 1094 1173 1137 me.
1221 1072 1299 1137 Non
1311 1057 1441 1177 ffo‘ssdeffig

277 1171 365 1236 tenen
383 1172 539 1258 sequitur,
554 1179 595 1240 ut
609 1174 688 1254 dixi,
706 1175 779 1242 Hoc
794 1182 844 1242 cst
858 1175 1022 1264 cognitive
1044 1197 1184 1262 praesens
1207 1174 1298 1256 Deo;

275 1290 333 1359 ergo
351 1272 407 1340 hoc
428 1281 486 1342 est

307 1372 363 1440 Sed
389 1383 503 1443 contra
523 1377 615 1445 istud
640 1379 749 1468 arguit
776 1379 901 1447 Doctor
922 1377 1117 1446 reverendus
1141 1377 1298 1467 multipli·
1311 1375 1384 1444 They
1395 1394 1438 1430 are

273 1473 583 1547 secunaum.
1308 1447 1448 1563 titini

306 1577 327 1643 1.
346 1579 389 1645 Et
401 1581 507 1668 primo
521 1582 602 1649 facit
622 1582 815 1651 instantiam
838 1584 878 1651 dc
901 1582 1100 1671 etymologia
1113 1581 1211 1669 hujus
1232 1588 1297 1649 ter·
1309 1598 1430 1652 Hisfist

271 1679 334 1745 mini
346 1703 492 1769 praesens,
508 1685 587 1772 quia
612 1708 753 1773 praesens
777 1689 898 1753 dicitur
920 1688 1014 1773 quasi
1036 1692 1156 1773 preesto
1180 1707 1245 1764 ens,
1263 1691 1296 1751 et

270 1790 366 1866 preco
392 1793 489 1851 sonat
514 1792 667 1873 paratum
700 1790 769 1855 sive
797 1795 1005 1877 promptum;
1029 1788 1117 1875 quod
1147 1787 1293 1865 concede,

269 1885 329 1968 quis
346 1909 440 1954 omne
461 1890 630 1976 cognitum
652 1914 673 1956 e
694 1891 774 1968 Deo,
790 1892 860 1957 sive
884 1914 950 1972 ens,
966 1892 1036 1956 sive
1059 1913 1127 1955 non
1152 1912 1217 1967 ens,
1246 1894 1296 1954 est

192 2014 195 2067 ι
269 1995 432 2076 promptum
463 1998 497 2056 et
525 1999 677 2079 peratum
707 1994 893 2081 conspectui
924 1994 1057 2060 divino:
1093 2014 1152 2058 nec
1182 1999 1294 2058 temen

192 2110 194 2159 :
268 2097 342 2175 urget
374 2093 469 2172 ratio,
501 2095 589 2180 quod
625 2118 751 2182 semper
787 2096 863 2161 talis
901 2097 1053 2161 deductio
1091 2096 1292 2161 concedatur.

192 2244 194 2253 .
268 2187 376 2259 Dicitur
395 2195 485 2260 enim
507 2197 693 2263 substantia
707 2198 786 2285 quia
807 2198 938 2263 substat
953 2197 1194 2278 accidentibus3
1217 2221 1291 2263 curn

266 2294 354 2361 tenen
374 2298 517 2364 essentia
531 2299 643 2365 divina
663 2300 708 2366 sit
722 2322 850 2366 summa
865 2306 898 2366 et
913 2300 1082 2366 verissima
1096 2301 1289 2378 substantia,

266 2389 358 2482 inqua
371 2400 499 2465 nullum
515 2407 565 2466 est
579 2403 733 2468 accidens.

295 2497 445 2569 Similiter
464 2504 641 2569 secundum
658 2503 854 2592 Magistmm
877 2527 986 2571 meum
1009 2504 1148 2572 existere
1170 2503 1290 2571 dicitur

263 2603 335 2683 quai
355 2610 452 2670 extra
473 2606 593 2684 sistere,
610 2611 644 2672 et
664 2613 777 2672 tamen
799 2612 924 2673 certum
946 2608 1098 2694 estquod
1119 2607 1289 2693 productio

261 2697 383 2788 Spiritus
407 2705 522 2774 Sancti
551 2708 587 2772 in
617 2709 738 2774 divinis
760 2710 921 2774 veraciter
951 2710 1065 2774 existit
1103 2708 1208 2772 solum
1246 2706 1289 2772 ad

258 2799 333 2884 intra,
349 2814 384 2874 et
406 2831 474 2874 non
496 2811 539 2876 ad
554 2814 668 2891 extra3
692 2812 791 2876 etita
805 2817 854 2876 est
870 2812 910 2877 de
932 2810 1046 2877 multis
1069 2808 1284 2895 etymologiis

257 2924 314 2990 qua
340 2933 408 2976 non
437 2909 511 2998 plus
541 2912 686 2978 inferunt
716 2935 811 2978 suum
841 2913 1007 3000 signatum
1037 2912 1073 2975 in
1099 2910 1159 2975 hec
1185 2916 1285 2995 parte,

254 3028 336 3093 quem
366 3015 456 3099 quod
492 3015 597 3080 omnis
628 3015 795 3081 Johannes
826 3021 875 3081 est
905 3015 1012 3102 gratia
1042 3013 1113 3088 Dei,
1146 3013 1203 3097 qui
1240 3013 1286 3078 sic

251 3107 479 3202 interpretatur.

283 3218 389 3283 Aliter
417 3225 530 3284 tamen
560 3225 594 3284 et
622 3219 754 3285 realiter
783 3219 892 3306 arguit
922 3218 1081 3305 Magister
1109 3238 1201 3283 meus
1231 3216 1284 3282 sic.

247 3324 262 3349 ‘¹
279 3318 329 3383 Ex
352 3319 447 3399 isto‚''
470 3322 587 3408 inquit,
617 3323 779 3388 “videtur
804 3322 896 3407 sequi
920 3323 1008 3407 quod
1031 3322 1152 3387 nedum
1178 3320 1283 3386 omnis

244 3426 260 3452 “
277 3428 425 3488 crectrrra
451 3424 494 3488 sit
521 3424 641 3509 ubique
668 3431 702 3489 et
726 3447 852 3511 semper
866 3444 1006 3510 praesens
1018 3449 1026 3504 3
1049 3425 1106 3489 sed
1129 3430 1162 3489 et
1185 3446 1280 3488 omne

242 3529 257 3557 ‘⁴
276 3526 364 3608 quod
390 3531 499 3611 potest
523 3548 599 3601 esse,
616 3527 668 3592 vel
694 3549 761 3591 non
785 3530 893 3612 potest
919 3548 994 3604 csso,
1023 3531 1072 3590 est
1098 3526 1220 3609 ubique
1248 3532 1282 3589 ct

239 3632 400 3713 “semper
423 3649 580 3714 praesens:
608 3636 642 3694 et
662 3651 720 3715 per
746 3649 942 3713 consequens
969 3651 1035 3692 non
1058 3627 1162 3691 solum
1186 3648 1281 3689 omno

238 3735 403 3816 “tempus
428 3730 515 3816 quod
539 3730 604 3794 fuit
629 3732 683 3796 vel
707 3731 777 3806 erit,
800 3737 849 3795 est
871 3753 997 3816 semper
1010 3751 1159 3816 prseeens,
1175 3728 1231 3791 sed
1247 3733 1281 3791 ct

235 3839 251 3865 ‘⁴
271 3854 368 3898 omne
382 3838 512 3919 tempus
528 3835 615 3918 quod
630 3838 738 3919 potest
753 3830 893 3919 intelligi
908 3838 957 3897 est
973 3854 1097 3917 semper
1111 3828 1280 3917 proesens.''

233 3930 378 4000 Primum
405 3936 451 4000 sic
476 3937 609 4002 reducit.
657 3935 884 4021 “Ubicunque
914 3935 1037 4019 aliquid
1064 3933 1276 4020 cognoscitur,

231 4038 317 4104 “ibi
346 4039 455 4124 ipsum
485 4045 535 4104 est
564 4060 724 4124 praesens:
757 4039 814 4102 sed
844 4037 948 4102 omnis
979 4041 1126 4101 creatura
1155 4036 1278 4120 ubique

231 4141 473 4226 “cognoscitur
502 4163 522 4205 a
552 4141 632 4217 Deo,
661 4162 736 4227 ergo
767 4139 872 4204 omnis
902 4144 1049 4203 creatura
1079 4137 1200 4222 ubique
1228 4144 1277 4202 est

229 4249 255 4320 “,
267 4264 416 4328 praesens
463 4242 508 4307 Et
530 4265 587 4328 per
611 4243 696 4308 idem
724 4242 872 4328 sequitur
893 4240 981 4326 quod
1010 4261 1134 4326 semper
1164 4246 1198 4303 et
1227 4262 1297 4304 se·.

229 4352 245 4377 “
266 4345 410 4409 cundum
426 4345 607 4430 quamlibet
630 4346 699 4430 ejus
714 4350 840 4430 partem
863 4344 907 4408 sit
921 4341 1089 4429 praesens.”

284 4446 381 4511 Istud
428 4469 623 4533 consequens
668 4448 813 4522 concedo,
849 4468 907 4510 nec
952 4452 1001 4510 cst
1047 4450 1158 4509 contra
1200 4465 1252 4507 me
1267 4455 1375 4522 ;Rep1y.

225 4547 301 4632 quia
343 4571 419 4615 cum
458 4572 598 4636 preesens
638 4557 671 4615 et
713 4548 961 4635 presentialiter
998 4547 1166 4632 cognitum
1204 4548 1272 4610 sint

224 4649 309 4716 idem
340 4652 377 4717 in
407 4674 474 4719 uno
503 4675 601 4720 sensu
630 4675 688 4739 per
716 4675 777 4730 me,
808 4657 843 4718 et
873 4651 964 4718 Deus
994 4650 1115 4734 ubique
1146 4647 1274 4733 singula
