3008 5490
246 703 289 768 20
552 709 732 761 rosacum
756 705 981 759 zraasroamn

244 901 341 987 poris,
365 901 451 965 siout
480 900 613 965 videtur
641 897 805 984 responsio
829 894 955 974 dioero;
984 899 1065 960 tuno
1093 916 1162 960 non
1187 893 1295 981 potuit

247 1003 481 1067 Constantinus
511 1002 690 1087 imperator
718 1000 833 1064 dotare
859 997 1024 1062 eoolosiam
1049 995 1294 1084 pomesionibus,

245 1126 311 1167 non
335 1104 439 1167 solum
466 1125 525 1188 pro
549 1110 694 1187 tempora
715 1121 780 1185 quo
799 1100 869 1185 ipse
888 1104 1017 1164 teneret
1038 1098 1295 1186 imperium‚'noo

245 1205 401 1269 valuisset
431 1204 564 1269 donatio
595 1199 793 1288 lodowyci‚¹
807 1193 811 1200 ’
825 1201 918 1286 eujus
948 1201 1054 1265 forma
1086 1201 1227 1265 habetur
1259 1199 1294 1264 in

247 1327 367 1370 oauone
393 1309 445 1385 63,
471 1306 542 1390 Ego
573 1305 802 1390 Lodowyous3
835 1303 895 1368 ubi
924 1302 1044 1388 legitur
1075 1302 1201 1367 dedisse
1225 1301 1301 1365 sive

247 1407 452 1472 confirmasse
476 1429 568 1492 papae
592 1406 726 1482 Pasoali,
747 1410 781 1470 et
806 1405 1041 1469 successoribus
1066 1403 1137 1488 ejus
1163 1404 1199 1466 in
1223 1423 1301 1488 par··

246 1513 390 1594 potuum,
408 1509 588 1573 dominium
610 1509 701 1573 urbis
724 1506 889 1582 Romanoa,
906 1510 940 1571 et
957 1505 1096 1570 aliorum
1119 1508 1193 1590 quae
1214 1524 1293 1590 pne-

248 1611 427 1675 deoessores
449 1611 502 1675 sui
522 1611 626 1675 eidem
643 1609 713 1674 sedi
735 1609 948 1673 contulerant
994 1606 1093 1671 Patet
1110 1627 1189 1693 ergo
1207 1605 1293 1691 quod

247 1711 424 1789 falsifioare,
437 1712 490 1777 vel
505 1712 670 1776 infirmare
685 1709 872 1793 hujusmodi
888 1707 1087 1785 donationes,
1103 1705 1297 1794 praejudioat'

248 1814 314 1877 fere
346 1815 496 1879 omnibus
526 1812 826 1892 eommunitatibus,
857 1812 958 1876 immo
983 1815 1017 1875 et
1039 1810 1104 1875 toti
1133 1808 1272 1875 aoolesiae
1284 1831 1293 1888 ;

249 1937 349 1999 quare
363 1938 429 1979 non
444 1916 577 1980 videtur
594 1915 656 1980 hoo
676 1936 744 1979 esse
762 1913 949 1978 tenendum.

80 2025 210 2076 Wecome
293 2017 359 2079 Sed
378 2018 429 2080 his
448 2017 623 2101 praemissis
644 2038 704 2102 pro
726 2015 860 2101 aliquali
883 2013 1099 2079 declaratione
1123 2013 1292 2089 dictorum,

249 2215 1295 2304 aaa

78 2287 191 2404 mlo?
249 2319 289 2382 de
308 2319 433 2385 virtute
457 2320 614 2384 sermonis
638 2315 816 2384 seeundum
837 2341 965 2384 omnem
986 2319 1037 2383 sui
1059 2323 1186 2405 partam
1209 2338 1295 2383 oom-

82 2418 215 2485 Scriptura.
248 2420 402 2508 plexamt
447 2422 492 2485 Et
522 2421 641 2506 aoeipio
671 2422 719 2486 ibi
749 2422 850 2486 istum
881 2421 1066 2497 terminum,
1100 2421 1141 2485 de
1172 2420 1295 2485 virtute

248 2522 413 2601 sermonis,
438 2523 523 2587 siout
552 2523 767 2588 communiter
796 2523 897 2608 aooipi
928 2523 1011 2588 solet
1042 2522 1105 2587 isto
1136 2522 1295 2587 terminus

248 2624 289 2688 de
313 2624 348 2687 vi
372 2623 468 2699 vocis,
495 2646 561 2688 non
588 2623 676 2689 enim
709 2646 795 2710 pono
817 2625 864 2688 ibi
888 2646 909 2688 a
934 2628 1026 2710 parte
1049 2623 1295 2710 signifioationis

248 2727 391 2811 aliquam
410 2726 636 2805 differentiam,
653 2726 802 2810 quamvis
825 2726 983 2812 Magister
1004 2746 1095 2790 meus
1117 2726 1295 2811 discrepare

248 2829 401 2893 videatur
423 2851 444 2893 a
467 2850 519 2892 me
543 2829 579 2892 in
602 2827 663 2892 hoo
686 2828 783 2893 modo
809 2827 970 2912 loquendi.
1016 2826 1083 2891 Sed
1108 2831 1221 2892 tamen
1247 2827 1295 2890 in·

249 2933 388 3010 terdum,
410 2936 571 3015 quantum
595 2950 655 3015 ego
680 2928 809 3013 aooipio,
825 2929 894 3012 ipse
914 2927 1031 3012 aooipit
1049 2949 1109 3012 pro
1130 2927 1251 2993 eodem
1290 2937 1293 2941 ’

295 3034 336 3096 Iu
367 3032 427 3097 hae
454 3043 529 3118 ergo
557 3031 695 3096 materia
721 3030 801 3094 dicit
836 3029 993 3115 Magister
1023 3030 1110 3113 quod
1142 3029 1296 3114 quaelibet

249 3156 323 3218 pars
348 3135 524 3220 Scripturas
549 3138 598 3197 est
618 3147 705 3196 vera'
719 3132 759 3195 de
774 3131 899 3194 virtute
924 3131 1088 3206 sermonis,
1105 3131 1140 3195 in
1165 3135 1296 3196 tantum

250 3237 337 3316 quod
359 3237 424 3300 ista
448 3235 634 3321 propositio,
654 3231 878 3298 Daemonium
899 3230 1021 3310 aaa?
1040 3238 1091 3297 est
1112 3254 1200 3313 vera,
1223 3255 1296 3318 quae

250 3335 382 3415 ponitur
413 3338 448 3399 in
480 3336 658 3422 evangelio,
688 3339 723 3398 et
746 3333 808 3398 hoe
839 3333 975 3418 ipsemet
1006 3335 1179 3414 fatebatur,
1207 3340 1296 3400 ante-

251 3454 348 3514 quam
380 3455 438 3518 ego
476 3445 588 3502 eontra
621 3437 709 3501 diota
747 3457 806 3499 sua
841 3434 995 3519 replicavi
1031 3435 1066 3498 in
1103 3436 1165 3500 hae
1196 3442 1294 3522 parte.

166 3581 172 3594 .
252 3532 331 3596 Ideo
358 3535 487 3616 quando
515 3538 673 3623 Magister
697 3558 789 3602 meus
819 3535 912 3620 ponit
935 3537 1118 3621 exemplum
1145 3538 1297 3623 sophisti-

251 3634 395 3696 oantium
433 3655 492 3718 pro
534 3639 656 3703 talibus
695 3637 895 3724 argumentis
933 3638 1135 3722 capientibus
1168 3644 1295 3724 partam

251 3734 445 3816 Scripturae3
470 3742 561 3818 patet
585 3742 673 3822 quod
699 3762 766 3805 non
792 3740 895 3803 habeo
921 3739 964 3803 ad
989 3739 1071 3803 illud
1094 3741 1295 3825 respondere,

250 3833 327 3913 quia
349 3833 432 3896 hano
455 3835 668 3918 objectionem
691 3864 757 3905 non
780 3841 957 3919 introduxi,
973 3841 1029 3905 sed
1051 3846 1225 3926 postquam
1240 3865 1296 3928 per

250 3933 356 4015 ipsum
387 3934 572 4000 introducta
598 3946 648 4003 est
674 3943 833 4025 quomodo
862 3942 1005 4006 dilatavi.
1052 3942 1138 4021 Quia
1163 3943 1296 4023 tamen,⁴

250 4033 423 4095 seeundum
459 4034 653 4119 Magistrum
685 4064 803 4119 meum,
844 4044 999 4128 praedicta
1024 4044 1203 4129 propositio
1238 4067 1297 4109 neo

250 4137 299 4194 est
324 4153 382 4216 per
415 4155 447 4198 se
473 4135 575 4221 logioe
602 4138 690 4217 falsa,
719 4165 777 4208 neo
792 4145 894 4231 logioe
920 4167 1006 4221 vera,
1033 4166 1093 4210 nee
1119 4148 1294 4211 seeundum

282 4427 441 4495 ¹L0d0ayci]
460 4430 630 4496 Lodowyeroi,
642 4437 696 4488 MS.
833 4445 944 4512 Μυκη]
968 4452 1004 4507 tir,
1033 4447 1099 4508 MS„
1116 4450 1162 4501 ir.
1188 4458 1248 4501 tum.
1281 4449 1295 4498 I

281 4510 291 4536 ²
302 4508 334 4555 sit
345 4507 415 4570 aaa]
435 4507 480 4557 iun
492 4524 524 4558 on
535 4512 600 4573 conj.
797 4523 856 4570 read
868 4513 909 4583 tii,
922 4527 968 4584 ia,
980 4534 1069 4577 tamen.

268 4585 291 4612 ''
307 4584 456 4635 Jonx.20.
