3008 5490
536 119 715 174 ruscrcunr
739 123 964 176 zrzluronuu
1211 110 1274 179 271

231 304 328 387 Quod
366 305 396 371 si
424 306 548 372 mulum
577 308 653 373 inde
679 309 818 386 eveniat,
855 309 915 374 hoc
949 310 1012 375 erit
1043 312 1207 377 occasione
1236 313 1280 376 si-

229 410 333 475 nistre
362 415 504 496 accepte,
535 412 593 477 sed
629 433 696 475 non
726 411 812 487 doto,
852 412 938 477 sicut
964 411 1091 477 Judaeis
1124 414 1275 502 contigit¹

228 511 474 577 mansionaliter
501 534 542 579 ex
568 513 686 579 merito
712 514 793 578 vitas
817 512 947 579 Christi.
999 514 1097 580 Unde
1124 517 1201 601 quio
1222 539 1279 603 po·

227 612 327 702 pulus
349 635 433 679 creec
456 614 560 680 credit
586 616 675 700 quod
701 636 796 680 omne
823 615 1039 680 infortunium
1059 617 1169 682 suuml
1191 641 1278 684 nunc

224 715 385 783 eveniens
400 721 553 781 censetur
568 736 610 781 ex
624 722 757 803 peceato
772 717 883 804 populi
898 740 985 784 nunc
1004 725 1161 805 regnante
1173 744 1182 799 ;
1205 719 1278 787 ideo

225 816 314 883 foret
327 818 539 883 temerarium
554 840 654 884 unum
672 820 837 904 privatum
855 841 1026 906 pomonam
1044 820 1087 886 ad
1101 822 1183 886 illud
1203 844 1278 887 con-

225 918 355 997 sulere5
377 940 452 984 cum
477 925 607 1006 oportet
633 920 698 986 tole
725 943 807 1007 opus
830 942 872 985 cx
893 924 965 986 toto
992 943 1091 1007 regno
1115 924 1277 988 concordi-

224 1028 280 1089 ter
301 1042 462 1087 emanare.
503 1022 636 1088 Monere
656 1029 793 1108 possunt
818 1024 958 1108 privetu
988 1045 1140 1109 personne,
1165 1022 1279 1089 etiam³

225 1124 270 1189 nd
300 1129 411 1209 peries
440 1125 626 1201 contrarias,
659 1130 698 1188 ut
732 1125 779 1189 rei
810 1124 977 1189 evidentia
1013 1125 1087 1209 plus
1116 1124 1279 1190 lucescat.⁴

225 1224 358 1292 Scimus
396 1225 529 1311 quidem
563 1226 722 1311 populum
758 1225 953 1310 quandoque
984 1226 1108 1290 destrui
1145 1233 1278 1313 propter

224 1333 398 1415 peceatum
418 1326 624 1412 quantolibet
647 1332 794 1413 tempore
812 1333 910 1391 onteo
927 1333 1171 1412 perpetratum
1194 1329 1279 1394 sicut

225 1433 322 1515 putet
344 1428 386 1493 de
407 1427 617 1506 Arnorrhtcie,
641 1428 699 1513 qui
721 1451 743 1493 o
764 1433 909 1514 tempore
931 1429 1155 1494 vedificationis
1177 1431 1278 1495 turris

226 1530 332 1597 Bobel
354 1551 457 1615 usque
474 1528 563 1617 [ed]⁵
578 1535 707 1615 ternpus
724 1530 837 1596 Josurc
859 1536 1027 1616 peccatum
1050 1533 1279 1597 destructionis

225 1630 434 1698 causativum
462 1630 617 1695 continue
643 1637 873 1717 aggravarunt.
934 1631 982 1696 Et
1009 1632 1096 1697 idem
1123 1640 1215 1720 potet
1238 1636 1278 1700 de

225 1731 450 1811 molochitis,
497 1732 555 1817 qui
596 1739 742 1818 ternpore
787 1732 896 1798 Saulis
936 1740 1068 1820 propter
1109 1741 1277 1822 peecatum

227 1830 354 1920 Μογείὅ
408 1834 614 1899 commissum
670 1834 801 1899 luerunt
859 1835 1013 1913 demoliti,
1080 1840 1118 1901 ut
1173 1837 1277 1925 putet⁷

228 1940 245 2003 1
272 1936 354 2023 Reg.
378 1952 434 2001 xv.
482 1936 589 2001 Immo
612 1958 693 2022 gens
719 1936 743 2001 J
745 1936 867 2013 udaico,
896 1958 970 2022 quie
997 1936 1167 2002 Christum
1197 1941 1278 2003 occi-

226 2038 330 2115 deret,
363 2036 428 2102 fuit
457 2059 515 2123 per
548 2038 767 2123 quuohuginto
799 2039 863 2102 duo
902 2060 1004 2102 onnos
1036 2045 1110 2125 post
1141 2039 1277 2105 Christi⁸

225 2140 447 2205 escensionem
474 2138 725 2211 misericorditer
745 2144 923 2226 expectato.
975 2140 1019 2205 lit
1042 2163 1126 2227 sepe
1150 2148 1278 2205 erratur

225 2240 387 2307 credendo
410 2240 498 2326 quod
519 2240 649 2326 punitio
671 2242 780 2327 gentis
799 2242 931 2306 eveniat
955 2248 1086 2327 propter
1108 2264 1189 2328 opus
1211 2243 1278 2306 cul-

225 2342 343 2430 pnhile,
367 2342 444 2408 lieet
466 2343 573 2428 ipsum
596 2342 640 2407 sit
669 2343 881 2421 meritorum,
913 2348 947 2408 et
969 2342 1164 2428 acceptabile
1195 2366 1276 2430 opus

224 2440 386 2510 Domini⁹
446 2444 601 2530 liugnam
632 2467 709 2530 ergo
743 2444 909 2510 solertium
944 2450 978 2509 et
1012 2467 1142 2510 concors
1173 2447 1277 2511 consi·

223 2547 307 2612 lium
337 2551 502 2633 oporteret
532 2567 700 2632 opponere,
739 2553 917 2633 autequam
952 2569 1089 2633 reguum
1126 2554 1275 2613 nost1um

224 2649 318 2715 istud
354 2668 437 2735 opus
473 2648 632 2735 inciperet
669 2654 842 2725 attenuere,
882 2671 923 2714 ne
964 2649 1057 2714 furor
1087 2651 1274 2736 personalis,

223 2751 280 2817 vel
305 2750 434 2816 lucrum
457 2751 623 2837 privatum
654 2772 858 2817 communem
880 2752 1062 2818 utilitatem
1089 2754 1182 2842 regni
1212 2756 1274 2821 im·

223 2854 341 2943 pediot
363 2854 399 2919 in
421 2850 606 2919 iuturum.¹⁰

222 3057 269 3123 Et
282 3055 340 3122 hic
353 3055 433 3142 suit
454 3055 661 3142 impositum
676 3055 743 3122 cibi
759 3055 943 3123 silentium
957 3078 1062 3143 super
1080 3059 1273 3143 praemissis

266 3181 332 3249 per
354 3158 540 3227 dominum
561 3160 686 3245 Repcm
708 3181 788 3227 cum
810 3159 953 3227 concilio
974 3159 1111 3246 repon-tr

716 3378 1145 3386 m-*—--
1156 3380 1272 3386 -——-—---

258 3523 266 3554 ¹
277 3522 391 3588 mihil]
403 3521 502 3582 occidit,
514 3520 548 3572 A.
803 3524 851 3572 'ul
859 3522 941 3588 priter]
955 3529 1030 3588 utque
1042 3522 1074 3581 in,
1086 3522 1120 3572 V.

256 3602 361 3668 ἀει]
374 3600 420 3662 sni,
432 3601 467 3652 A.
805 3604 815 3633 ⁸
828 3601 935 3666 chiso]
948 3617 997 3652 om.
1011 3601 1044 3652 A.

256 3680 363 3746 ἐείσω]
375 3688 407 3740 et,
419 3681 453 3731 A.
803 3684 883 3747 ’opus
894 3679 1009 3747 Domine]
1023 3683 1088 3745 apud
1100 3681 1190 3742 Deum,
1203 3681 1236 3732 V.

257 3758 395 3824 Ἥκω]
408 3760 552 3819 elucescat,
563 3756 597 3809 A.
804 3760 955 3826 '‘futurum]
969 3761 1089 3819 futurum,
1101 3770 1155 3821 etc..
1168 3761 1201 3811 Λ.

803 3841 819 3873 ¹¹
832 3838 985 3906 El-reym]
999 3855 1048 3892 om.
1060 3839 1093 3891 V.
