3008 5490
222 688 295 755 lviii
478 705 481 709 ·
631 699 897 762 remanemus.

225 882 243 912 “
258 875 478 963 integralem),
494 879 625 951 servate
640 848 738 962 parte
750 873 978 960 quidditetiva
999 895 1066 953 non
1089 874 1280 962 simpliciter

647 1079 666 1118 1
847 1078 866 1118 1
1048 1078 1067 1117 1
1235 1078 1254 1118 1

270 1188 289 1222 ‘¹
305 1183 391 1260 Item
414 1182 520 1259 omnis
534 1181 657 1260 creatio
673 1181 803 1268 proprie
819 1179 909 1248 diota
931 1180 1014 1258 dioit
1031 1180 1277 1267 productionem

225 1292 243 1321 “
258 1284 306 1353 nei
328 1307 349 1352 a
371 1305 454 1373 puro
476 1305 545 1350 esse
567 1281 772 1368 intelligibili
794 1282 837 1350 ad
859 1282 1071 1359 existentiam
1095 1283 1278 1361 actualem

226 1387 363 1473 “igitur
392 1408 451 1473 per
480 1385 568 1451 idem
591 1384 697 1452 omnis
727 1383 981 1462 annihilationi
1014 1390 1071 1463 est,
1103 1385 1186 1453 dicit
1211 1405 1279 1451 oor·

224 1488 445 1576 “ruptionem
475 1489 523 1564 rei
550 1488 593 1560 ab
624 1487 750 1565 actuali
781 1486 958 1556 existentia
990 1486 1033 1554 ad
1055 1509 1175 1574 purum
1209 1506 1277 1554 esse

226 1603 244 1630 “
259 1592 496 1682 inteuigibilef’

248 1696 268 1736 1
448 1694 468 1734 ff
647 1693 666 1733 1
836 1693 855 1732 1
973 1697 979 1705 ”
1035 1693 1054 1733 1
1154 1745 1160 1755 .
1234 1694 1253 1733 1

272 1800 393 1864 “Item
423 1798 452 1863 si
482 1797 573 1869 Deus
595 1801 705 1883 potest
728 1796 888 1874 mundum
912 1795 1103 1873 annihilare,
1134 1801 1215 1869 tuno
1244 1800 1280 1862 et

226 1908 245 1938 “
260 1899 430 1987 quodlibet
441 1899 511 1984 ejus
523 1899 671 1964 aeoidens
686 1902 797 1985 potest
813 1897 1005 1977 annihilare,
1022 1919 1096 1964 oum
1111 1898 1280 1964 destructa

226 2002 551 2087 “quomodocunque
574 2022 632 2088 per
658 2022 692 2066 se
723 2022 820 2077 eausa
853 2000 1035 2071 destruitur
1063 1999 1209 2088 propter¹
1243 2005 1279 2066 et

227 2114 245 2140 ‘¹
261 2125 356 2177 suum
383 2108 573 2180 eausatum3
598 2103 656 2170 sed
678 2102 848 2189 quodlibet
871 2102 1033 2177 aeoidens²
1056 2102 1172 2179 mundi
1188 2101 1281 2180 Deus

228 2216 245 2242 “
260 2227 327 2277 non
349 2209 458 2292 potest
481 2205 672 2282 annihilare,
696 2206 799 2292 igitur
820 2226 880 2275 nee
902 2203 1089 2282 anundum?

248 2307 267 2346 1
447 2305 466 2347 1
645 2306 664 2345 1
842 2306 859 2341 Ι
1039 2304 1059 2346 ff
1237 2306 1254 2341 Ι

272 2418 290 2460 *t
306 2410 393 2483 Item
423 2409 452 2484 si
481 2407 594 2494 aliqua
615 2430 690 2496 pers
719 2409 947 2484 universitatis
969 2406 1145 2485 annihilem
1169 2410 1281 2495 potest

228 2520 245 2548 “
260 2516 295 2588 et
310 2533 378 2580 non
392 2511 539 2584 enuidens
554 2533 612 2598 per
627 2533 669 2590 se,
687 2532 761 2586 oum
777 2516 908 2584 servata
922 2511 1109 2582 substantia
1131 2509 1280 2584 assidens

228 2623 358 2689 “suum
388 2636 456 2680 non
487 2613 700 2694 annihilatur,
728 2613 925 2699 relinquitur
958 2613 1046 2698 quod
1069 2611 1182 2698 aliquo
1203 2611 1281 2683 sub-

228 2727 246 2754 “
262 2717 388 2795 stentia
417 2715 595 2792 annihilari
627 2720 744 2801 potest,
774 2720 808 2781 et
840 2715 927 2791 idern¹
965 2719 1016 2780 est
1039 2714 1201 2801 judicium
1238 2715 1280 2780 de

227 2826 246 2856 “
262 2825 335 2889 toto
372 2819 518 2899 mund03
555 2818 659 2904 igitur
693 2823 785 2884 totus
814 2817 879 2893 iste
908 2817 1051 2893 mundus
1080 2839 1138 2902 per
1168 2821 1278 2888 toturn

228 2929 247 2969 ‘⁶
262 2921 440 2999 annihilari
455 2925 585 3008 potest3
609 2925 644 2985 et
658 2941 732 2995 oum
752 2919 942 2995 humanitas
965 2917 1090 2987 Christi
1109 2922 1144 2984 et
1165 2940 1280 2985 omnes

228 3024 350 3097 “beati
384 3024 468 3090 eitra
500 3022 609 3089 Deum
641 3022 677 3088 in
708 3021 790 3092 eoelo
817 3026 896 3089 sunt
930 3042 1006 3107 pars
1036 3021 1277 3101 universitatis,

229 3135 246 3161 “
261 3126 412 3212 sequitur
434 3124 523 3208 quod
545 3144 656 3189 omnes
679 3123 729 3190 illi
752 3128 890 3210 possunt
912 3121 1116 3193 annihilari.''

200 3218 206 3229 ‘
251 3226 270 3275 e
408 3269 409 3272 ,
449 3223 468 3270 t
648 3223 666 3274 ᾳ
846 3223 865 3262 a
1043 3223 1063 3265 s
1236 3226 1256 3265 s

276 3327 399 3392 “Item
425 3325 550 3412 [οωιι]8
565 3348 607 3391 ex
630 3327 848 3414 possibihtste
870 3327 1119 3394 annihilationis
1142 3328 1280 3403 tolletur

231 3437 248 3478 ‘⁴
264 3451 336 3517 spes
358 3428 504 3505 viatoris,
522 3429 686 3505 eertitudo
708 3430 888 3504 beatorum,
911 3430 1009 3499 etsie
1034 3451 1147 3503 sensus
1169 3429 1278 3517 Smila

230 3538 248 3568 “
265 3538 359 3609 turns,
377 3553 451 3617 quae
469 3529 596 3596 omnia*-
610 3536 689 3597 sunt
706 3530 929 3619 impossibilia,
953 3534 1049 3617 patet
1073 3531 1162 3617 quod
1186 3533 1281 3598 anni-

230 3640 248 3672 “
263 3634 379 3701 hilatio
403 3634 447 3700 sit
468 3630 720 3720 impossibili&

274 3735 316 3800 In
342 3735 418 3813 this,
443 3756 479 3800 as
503 3735 538 3800 in
565 3733 610 3800 all
637 3735 731 3807 other
764 3735 932 3820 questione
956 3734 1066 3802 where
1092 3734 1133 3800 he
1157 3733 1216 3801 has
1242 3741 1278 3802 to

230 3835 332 3921 spealr
362 3835 400 3900 of
433 3834 490 3900 the
530 3835 653 3902 Divine
691 3857 810 3923 power,
841 3835 967 3922 Wyolif
1000 3835 1028 3906 is
1066 3857 1155 3903 more
1193 3835 1278 3902 than

228 3936 359 4021 usually
374 3935 495 4002 carehil
515 3935 550 4000 in
575 3937 632 4004 the
655 3937 827 4003 definition
848 3936 886 4012 of
904 3936 956 4003 his
981 3942 1106 4017 temnsq
1129 3938 1197 4014 and
1220 3939 1278 4005 tho

230 4037 423 4107 distinction
445 4037 554 4111 whieh
580 4038 621 4104 he
643 4039 716 4126 lays
743 4039 841 4112 down
866 4039 1018 4108 between
1044 4039 1102 4107 the
1125 4041 1277 4114 absolute

551 4240 609 4247 .-—..-
622 4242 1040 4249 mmm*
1050 4244 1274 4252 m———n—

262 4373 269 4403 ¹
286 4371 515 4437 propter]Perheps
522 4376 580 4424 read
590 4384 726 4440 propterea.
810 4379 819 4406 ¹
837 4377 937 4442 Wyolif
943 4379 975 4427 do
987 4379 1103 4428 Potentia
1109 4378 1165 4435 Dei,
1182 4394 1217 4428 ca
1229 4384 1276 4427 12-

261 4450 411 4515 ⁸ocmdem]
425 4451 568 4512 aeoldeutis,
582 4453 636 4504 Ms.
777 4462 815 4514 lt,
838 4457 864 4506 ff.
890 4461 1012 4515 las-1³7,
1033 4457 1088 4507 Ms.
1119 4458 1189 4510 Trin.
1213 4458 1275 4507 Coll.

264 4528 357 4593 ὀνο]
376 4544 425 4582 our.
438 4529 494 4582 MS.
775 4536 862 4586 Cumh.
891 4535 920 4584 11
936 4541 973 4595 16,
986 4542 1009 4587 2.

264 4608 272 4638 l
290 4607 382 4673 runata]
402 4608 478 4665 omni.
491 4609 545 4659 118.
