3008 5490
540 728 967 809 rsscrcunryzrzsrrorun
1207 710 1274 783 137

224 926 274 985 est
300 919 429 984 credere
453 916 585 982 Christo
611 915 733 981 dicenti
754 915 816 979 hoc
841 936 908 979 csse
930 936 1045 1000 corpus
1068 916 1137 1002 ejus
1160 920 1194 981 et
1215 919 1277 985 hoc

223 1042 292 1086 esse
315 1019 509 1106 sangtrinem
540 1017 648 1102 ipsius,
681 1014 794 1101 quam¹
821 1016 1128 1104 Anthropomorpho
1155 1020 1277 1086 dicenti

222 1122 283 1187 hoc
297 1144 367 1187 esse
382 1142 502 1206 panem
517 1125 552 1183 et
566 1120 683 1182 vinum
697 1119 733 1180 in
747 1122 872 1182 natura

268 1223 383 1307 Hujus
405 1221 577 1286 sententiae
601 1220 665 1284 fuit
689 1218 724 1281 B.
748 1218 934 1304 Dionysius,
959 1221 1016 1304 qui
1038 1222 1136 1286 fidem
1160 1223 1274 1288 didicit
1288 1246 1375 1300 otst
1403 1245 1411 1267 ¹
1439 1247 1442 1254 ·

222 1348 243 1390 a
257 1325 295 1388 B.
312 1324 440 1401 Paul03
463 1323 520 1407 qui
544 1327 742 1385 tractaturus
769 1321 809 1383 de
835 1327 1035 1385 sacramento
1061 1323 1272 1401 eucharistiae,
1286 1313 1433 1381 Dionysius.

224 1427 346 1490 denote
377 1426 507 1488 invocat
536 1422 698 1486 auxilium
728 1421 937 1496 eucharistia,
968 1423 1018 1485 ita
1041 1424 1156 1501 dicens,
1182 1434 1200 1460 “
1216 1425 1274 1502 O,’'

225 1526 348 1610 inquit,
381 1534 398 1560 “
413 1522 615 1589 dulcissima²
646 1522 848 1597 eucharistia,
880 1522 1021 1606 adimple
1057 1546 1117 1588 nos
1153 1527 1276 1592 lumine

232 1636 250 1662 “
267 1633 337 1701 tuo,
370 1631 404 1689 et
431 1624 537 1689 revela
570 1622 667 1688 nobis
690 1622 869 1707 symbolica
898 1621 1121 1687 indumenta‘'³
1145 1625 1222 1710 (cap.
1246 1633 1275 1691 3.

229 1725 460 1791 Ecclesiasticus
484 1722 720 1808 Hierarchiae).⁴
765 1723 869 1808 Super
890 1745 964 1806 quae
988 1725 1034 1788 sic
1056 1723 1187 1789 scribit⁶
1203 1727 1279 1791 Lin-

227 1826 405 1892 oolniensis
451 1835 469 1861 “
484 1824 691 1898 Considera‚”
724 1825 842 1908 inquit,
877 1825 996 1908 “quod
1023 1847 1081 1910 per
1106 1827 1166 1891 hoc
1192 1830 1279 1912 quod

226 1938 246 1964 “
260 1929 393 1993 invocat
414 1927 574 1991 auxilium
597 1926 799 1991 eucharistiae
816 1926 858 1990 ad
878 1926 981 1990 nostri
1005 1927 1279 1994 illuminationem

225 2039 245 2065 “
259 2029 450 2103 faciendam,
482 2028 654 2092 manifeste
692 2027 801 2090 innuit
839 2028 925 2112 qnod
962 2028 1033 2112 ipsa
1070 2036 1119 2095 est
1164 2051 1278 2096 verum

226 2140 245 2166 “
260 2152 376 2216 corpus
397 2130 521 2195 Christi
544 2129 677 2194 unitum
704 2129 880 2203 divinitati,
905 2150 991 2193 verae
1014 2130 1079 2195 luci
1106 2153 1179 2215 quae
1204 2133 1277 2197 illu·

226 2232 367 2296 “minat
388 2253 517 2296 omnem
539 2231 704 2295 hominem
722 2230 906 2294 venientem
926 2230 961 2294 in
983 2232 1069 2296 hunc
1091 2234 1278 2298 mundum.’'

226 2332 273 2397 Et
303 2333 392 2416 quod
421 2332 478 2395 isti
519 2331 697 2395 intendunt
736 2331 823 2414 quod
862 2330 1054 2397 eucharistia
1088 2336 1132 2399 sit
1164 2357 1278 2421 corpus

227 2433 353 2500 Christi
401 2433 563 2497 identice:
612 2453 670 2516 per
710 2432 849 2495 eundem
885 2432 1141 2500 Lincolniensem
1184 2442 1277 2521 patet

226 2556 324 2620 super
359 2535 552 2619 praedictum
590 2532 775 2617 capitulum,
807 2533 865 2596 ubi
904 2539 999 2597 utens
1040 2538 1131 2618 quasi
1169 2538 1278 2601 verbis

227 2635 389 2720 Dionysii
439 2644 456 2669 “
469 2633 589 2708 Sicut,'’
606 2634 722 2717 inquit,
741 2634 898 2697 “bonitas
921 2634 1034 2697 divina
1057 2637 1155 2699 estin
1178 2637 1280 2700 omni-

228 2736 322 2801 “hus
352 2736 514 2820 aquibus
537 2736 750 2820 participatur
771 2735 912 2798 identice
934 2757 1019 2814 una3
1042 2737 1278 2813 consimiliter,''

226 2837 347 2921 inquit,
371 2841 432 2899 “et
454 2832 584 2922 corpus⁰
611 2835 733 2901 Christi
760 2836 796 2898 in
822 2836 985 2919 symbolis,
1012 2837 1088 2901 licet
1114 2838 1281 2902 varientur

229 2947 248 2973 “
264 2940 440 3002 secundum
462 2938 539 3013 loca,
562 2943 596 3002 et
622 2943 776 3021 tempora,
797 2943 831 2999 et
853 2937 1019 3000 sensibiles
1041 2938 1281 3022 proprietates.'’

229 3039 284 3102 Ex
307 3039 369 3103 hoc
392 3045 483 3123 patet
500 3060 596 3123 quam
621 3040 730 3122 inepte
754 3037 927 3100 adducitur
948 3038 1098 3121 Ignatius
1124 3061 1182 3123 pro
1197 3040 1280 3124 posi-

227 3140 321 3204 tione
359 3139 526 3224 opposita,⁷
569 3144 628 3203 aut
667 3138 906 3215 Lincolniensis,
947 3145 980 3202 et
1025 3141 1163 3225 amplius
1208 3147 1281 3226 post

229 3242 368 3326 patebit,

278 3341 313 3403 B.
331 3363 458 3425 quoque
473 3341 665 3406 Ambrosius
687 3341 724 3403 in
750 3341 832 3404 libro
860 3341 899 3404 de
925 3342 1107 3425 Mysteriis⁸
1130 3345 1280 3430 proponit
1294 3362 1332 3412 Ol
1344 3361 1380 3413 St.

228 3465 289 3528 pro
321 3442 520 3506 conclusione
558 3443 732 3526 probanda
771 3442 831 3506 hoc
856 3464 921 3506 non
957 3448 1133 3529 essequod
1163 3454 1281 3511 natura
1293 3429 1424 3479 Ambrosc

228 3543 395 3617 formavit,
422 3550 455 3606 et
479 3545 618 3627 probans
651 3542 821 3607 efficaciter
842 3566 899 3628 per
921 3549 1069 3630 exempla
1094 3547 1278 3632 Scripturas,

230 3644 447 3770 tandemjyad
484 3645 684 3728 propositum
722 3645 767 3707 sic
804 3646 972 3710 concludit.
1032 3649 1145 3711 “Vera
1187 3649 1280 3734 ergo⁰

267 3908 372 3971 1φακῆ]
387 3923 451 3966 curn,
465 3909 498 3955 Α.
813 3909 1034 3973 ³cuper-srritit]
1055 3926 1129 3973 super
1148 3912 1196 3960 hoc
1220 3912 1280 3961 scri·

267 3985 442 4048 ’dulcissima]
456 3985 610 4049 dignissima,
622 3987 651 4034 B.
780 3986 823 4050 bit,
836 3988 875 4042 A3
895 3988 937 4043 sic,
949 4002 997 4035 om.
1010 3988 1039 4036 B.

267 4065 277 4093 ¹
298 4063 447 4126 indumenta]
470 4063 577 4127 perhaps
594 4065 654 4112 read
673 4064 735 4112 inte·
813 4064 1122 4130 ‘consimiliter-corpus]
1144 4067 1280 4129 considers,

233 4149 360 4206 gumenta
781 4141 868 4204 inquit,
881 4157 977 4204 corpus,
990 4142 1023 4191 A.

268 4219 407 4279 ‘Dionysii
428 4218 517 4280 Opera,
536 4220 574 4267 ed.
598 4225 668 4275 1646,
692 4219 735 4267 sol.
816 4221 959 4285 ⁷opposita]
973 4221 1114 4284 composita,
1129 4223 1161 4271 A.

234 4303 275 4354 21,
288 4298 320 4345 r⁰.
356 4297 410 4344 The
422 4298 549 4359 quotation
566 4297 587 4344 is
602 4304 646 4346 not
657 4305 736 4344 exact.
815 4302 825 4328 ⁸
844 4300 961 4347 Ambros.
982 4300 1013 4348 de
1032 4301 1068 4349 lis
1091 4302 1133 4363 qui
1156 4301 1281 4365 mysteriis

235 4374 384 4426 Grosteste's
413 4384 583 4437 commentary
606 4376 635 4431 is,
658 4376 672 4423 Ι
695 4376 737 4423 be·
784 4378 918 4437 initiantur,
930 4393 983 4441 cap.
996 4384 1019 4427 9.

235 4455 308 4510 lieve,
327 4461 370 4500 not
392 4454 498 4515 printed.
542 4455 572 4501 B.
596 4455 679 4502 writes
696 4455 739 4503 the
816 4458 893 4505 ‘vero
909 4458 976 4521 erpo]
997 4457 1204 4519 verainquitB3
1221 4472 1281 4520 ergo

235 4533 318 4580 words
334 4531 579 4595 cap-Hierarclrioe
598 4533 662 4581 alter
677 4531 739 4581 Lin·
784 4550 851 4595 vera,
864 4535 891 4586 C.

237 4608 372 4660 robiensis.
