3008 5490
453 735 632 789 rssorcum
653 736 879 789 marmorum
1118 723 1189 788 209

148 948 226 1007 mm,
259 930 306 995 sic
335 928 461 1015 inquit:
495 937 513 964 “
528 928 659 993 Veritas
692 927 845 993 humanae
867 928 1062 993 conditionis
1084 934 1190 993 osten·

148 1038 160 1073 ⁴
176 1030 289 1106 ditur,¹
314 1032 392 1117 quia
421 1031 517 1095 horno
539 1034 725 1116 assumptus
749 1030 869 1094 divinae
900 1029 1093 1095 substantiae
1124 1052 1190 1094 non

150 1139 286 1219 'potest
309 1132 432 1217 aequari
457 1133 493 1195 in
519 1132 662 1204 scientia,
687 1130 740 1195 vel
764 1131 800 1194 in
826 1129 918 1195 alio.''
963 1130 1028 1195 Sed
1042 1132 1071 1197 si
1093 1130 1190 1196 homo

148 1240 339 1319 resumptus,
367 1233 487 1297 scilicet
509 1237 633 1296 natura
658 1232 801 1296 humana
834 1238 1000 1317 assumpta
1025 1255 1046 1295 a
1072 1231 1188 1310 Verbo,

148 1339 230 1399 met
267 1335 308 1399 de
337 1333 423 1398 facto
461 1334 559 1413 Deus,
590 1338 631 1397 ut
661 1333 735 1398 vult
771 1334 836 1397 ista
873 1334 992 1418 opinio,
1023 1334 1191 1398 evidenter

148 1439 335 1521 sequeretur
348 1436 436 1521 quod
451 1440 535 1499 esset
555 1435 676 1499 divinae
699 1434 891 1498 substantiae
914 1433 1059 1520 aequalis
1104 1434 1191 1521 Ergo

148 1556 186 1602 ex
211 1536 394 1601 intentione
417 1536 600 1601 Cassiodori
622 1535 692 1600 haec
715 1536 824 1621 opinio
847 1556 936 1599 error
957 1540 1013 1599 est.

188 1636 278 1702 Item
305 1637 478 1722 Gregorius
504 1637 540 1700 in
565 1635 699 1701 homilia
724 1658 820 1721 super
845 1636 928 1700 illud
955 1635 1050 1700 Lucae
1073 1653 1109 1715 n,
1127 1635 1193 1712 52,ρ
1207 1640 1331 1706 Gugory,

148 1737 253 1805 Iesus
278 1737 474 1823 proficiebat
504 1736 687 1822 sapient-iu,
719 1739 764 1802 sic
794 1737 909 1821 inquit.
958 1742 975 1771 ‘⁴
991 1735 1193 1801 Secundum⁵

148 1845 162 1875 ¹‘
177 1839 321 1904 hominis
363 1836 540 1903 naturam⁴
577 1838 764 1924 proficiebat
801 1837 989 1923 sapientia.''
1054 1837 1121 1902 Sed
1165 1839 1193 1901 si

148 1948 267 2004 natura
296 1940 436 2004 hominis
466 1941 502 2003 in
533 1939 664 2004 Christo
693 1940 737 2003 sit
766 1961 903 2024 persona
917 1938 1026 2014 Verbi,
1053 1945 1132 2003 tunc
1158 1939 1194 2002 in

148 2040 238 2106 nullo
267 2042 302 2105 in
331 2041 491 2126 sapientia
527 2041 679 2126 proficere
716 2042 839 2124 poterit
860 2041 933 2125 plus
964 2061 1064 2123 quam
1087 2041 1193 2125 ipsum

148 2139 337 2210 Verbumz⁵
368 2143 425 2206 sed
450 2142 557 2226 ipsum
583 2140 729 2206 Verbum
756 2141 928 2206 intrinsece
954 2141 1105 2228 proficere
1128 2163 1194 2209 non

148 2243 270 2331 poterit
285 2243 320 2306 in
335 2243 516 2329 sapientia:
540 2264 617 2327 ergo
631 2264 690 2306 nec
705 2243 775 2326 ipsa
789 2243 905 2309 anima

204 2342 317 2410 Item⁶
345 2346 453 2409 anima
481 2344 603 2409 Christi
643 2351 693 2409 est
731 2342 923 2428 perfectior⁷
950 2345 1020 2430 ipso
1055 2367 1193 2431 corpore,
1207 2348 1304 2425 ⁸¹1le

148 2443 258 2533 quod⁸
280 2453 331 2511 est
362 2468 435 2532 pars
465 2451 594 2510 naturae
625 2444 784 2519 humanae,
813 2467 885 2510 cum
916 2444 977 2511 sit⁹
999 2448 1068 2532 ejus
1091 2426 1361 2544 fonnassffim,
1413 2512 1419 2524 ,

148 2546 393 2614 substantialis:
429 2547 485 2611 sed
515 2547 543 2610 si
572 2547 680 2631 ipsum
710 2567 824 2630 corpus
854 2547 898 2610 sit
927 2569 1062 2632 persona
1084 2548 1193 2622 Verbi,

148 2655 188 2714 ut
209 2649 286 2714 vult
315 2648 474 2713 conclusio
504 2645 647 2733 prima,¹⁰
670 2653 748 2710 tunc
778 2649 884 2732 ipsum
915 2669 1029 2732 corpus
1060 2655 1109 2717 est
1139 2669 1195 2711 ens

148 2750 440 2837 perfectissimum
478 2755 511 2813 et
538 2771 595 2834 per
624 2769 820 2832 consequens
853 2748 944 2813 nulla
973 2771 1024 2813 res
1055 2754 1103 2813 est
1127 2750 1196 2834 ipso

148 2851 341 2938 perfectior:
388 2871 464 2936 ergo
509 2850 580 2938 ipsa
624 2850 785 2914 conclusio
830 2850 954 2916 decima
998 2855 1085 2916 stare
1131 2872 1197 2914 non

148 2957 266 3040 potest

194 3053 282 3119 Item
306 3055 411 3138 ipsum
434 3074 548 3138 corpus
571 3058 620 3118 est
644 3052 768 3117 Christi
791 3074 872 3137 pars,
890 3058 923 3116 et
947 3053 1045 3117 etiam
1068 3053 1198 3128 anima;

148 3178 228 3241 ergo
272 3161 427 3220 neutrum
472 3155 600 3218 illorum
645 3159 693 3217 est
732 3153 889 3218 Christus.
959 3154 1199 3237 Consequentia

149 3258 284 3323 videtur
313 3257 452 3330 evidens,
485 3278 557 3318 cum
595 3277 686 3318 mens
723 3254 962 3319 rationabiliter
991 3277 1103 3341 capere
1133 3277 1198 3319 non

149 3360 273 3445 poterit
295 3359 382 3421 idem
405 3379 472 3422 esse
495 3363 611 3432 totum,
628 3356 720 3439 cujus
742 3362 792 3419 est
813 3378 895 3441 pars.
942 3357 987 3420 Et
1007 3357 1199 3421 antecedens

150 3464 246 3546 patet
267 3480 307 3522 ex
331 3459 420 3543 prius
443 3458 591 3543 allegatis
614 3458 882 3523 determinatione
905 3457 1053 3534 ccclesiae,
1071 3459 1200 3543 Augus·

152 3563 225 3640 tini,
250 3566 284 3625 et
307 3560 506 3624 Damasceni.

198 3661 285 3726 ltem
311 3665 381 3725 tam
415 3661 524 3724 anima
547 3659 679 3738 Christi,
703 3681 802 3743 quam
833 3682 946 3744 corpus
980 3661 1100 3745 incepit
1123 3682 1199 3735 esse,

152 3770 187 3828 et
214 3769 264 3827 est
290 3769 444 3827 creatura.
491 3760 585 3825 Sed¹¹
609 3761 753 3826 Verbum
789 3761 851 3825 Dei
877 3784 942 3825 non
970 3767 1020 3825 est
1045 3767 1201 3841 creatura,

153 3874 212 3931 nec
236 3862 386 3954 incepit¹²
410 3885 499 3943 esse3
522 3884 598 3951 ergo
621 3885 678 3928 nec
702 3864 772 3951 ipsa
793 3864 909 3943 anima,
934 3885 992 3930 nec
1015 3885 1128 3950 corpus
1153 3868 1202 3928 est

188 4251 354 4317 mendam]
368 4267 417 4301 orn.
430 4251 462 4301 D.
734 4252 742 4279 '
753 4250 898 4315 perfectior]
912 4250 1040 4316 perfectio,
1053 4250 1082 4301 E.

187 4332 198 4365 ⁸
209 4330 293 4380 'lbere
305 4331 327 4379 is
338 4346 372 4378 no
383 4330 445 4379 such
456 4329 562 4394 bomily.
735 4331 745 4359 ⁸
756 4329 831 4394 qual]
845 4329 911 4392 qnia,
924 4329 960 4379 Ι).

188 4409 199 4441 ⁸
210 4407 360 4472 Secundam]
374 4407 476 4468 scilicet,
488 4409 531 4466 D;
550 4408 601 4465 sed,
614 4408 643 4458 E.
736 4408 801 4472 ἐτἰ]
816 4422 864 4456 om.
877 4408 911 4463 A.
924 4408 957 4457 D.

187 4487 335 4551 ‘salmam
349 4495 446 4546 natura,
458 4485 492 4543 Ι),
507 4487 536 4536 E.
737 4486 755 4515 ¹⁰
763 4487 857 4550 prima]
871 4487 975 4544 decima,
988 4486 1022 4535 A.

189 4566 338 4629 ‘capream
359 4562 549 4628 Sed-vertam]
564 4579 612 4613 om.
626 4563 657 4614 D.
737 4567 753 4594 ¹¹
768 4563 831 4628 Sed]
846 4566 996 4625 Secundum,
1009 4566 1043 4625 D,
1055 4565 1085 4615 a.

190 4641 286 4709 ‘ItemJ
300 4643 364 4693 Item
376 4644 438 4707 ipsa,
450 4641 482 4691 D.
737 4643 755 4672 ¹²
766 4641 867 4706 incepit]
887 4641 1012 4706 intelligit,
1024 4641 1055 4691 E.
