3008 5490
551 405 731 458 rasmcun
753 408 977 461 ammonere
1225 404 1287 468 165
1372 400 1377 407 '

239 590 363 673 fractio,
387 592 670 672 vulnerationem
696 598 732 659 et
757 595 876 680 species
898 596 1000 681 panis,
1027 596 1134 683 ipsum
1160 620 1286 685 panem,

237 693 293 779 qui
320 691 397 780 per¹
424 693 644 759 substantiam
668 717 761 760 suam
788 702 837 761 est
859 698 960 783 panis,
982 697 1041 784 qui
1067 699 1108 764 de
1131 701 1211 766 coelo
1234 704 1289 768 de·

233 796 366 861 asendit
413 794 620 880 Quandoque
641 802 753 861 autem
780 797 925 863 doctores
939 799 1080 883 quidam,
1103 805 1144 867 ut
1166 801 1288 868 Parisi-

231 894 339 974 ensis²
361 902 398 961 et
429 896 486 960 alii
517 896 698 962 concedunt
730 900 819 983 quod
853 901 973 985 species
998 901 1093 986 panis
1129 909 1179 968 est
1212 925 1287 970 caro

232 996 379 1075 Christi3
417 997 475 1063 sed
505 1001 586 1063 tunc
616 998 780 1085 accipiunt
815 1021 882 1064 esse
908 1023 966 1085 pro
999 1002 1203 1087 significare?
1230 1006 1287 1090 qui

229 1099 350 1165 modus
375 1098 537 1183 loquendi,
561 1099 640 1183 quia
661 1100 733 1164 istis
756 1100 872 1164 diebus
898 1101 1002 1187 magis
1025 1103 1160 1168 dedocet
1185 1126 1284 1190 quam

231 1198 338 1276 docet,
378 1220 446 1265 non
477 1205 527 1265 est
564 1201 794 1276 concedendus,
837 1203 1014 1266 secundum
1050 1202 1283 1290 Augustinum,

230 1300 300 1364 nisi
320 1298 439 1385 juxta‘
451 1301 554 1386 posito
569 1302 745 1378 intellectu,
765 1302 819 1366 vel
840 1303 1028 1388 simpliciter
1043 1309 1093 1368 eat
1106 1307 1282 1390 negandus,

230 1400 296 1465 ubi
320 1422 388 1466 non
409 1405 458 1466 eat
477 1403 680 1467 auctenticus
694 1424 737 1468 ex
753 1401 949 1488 Scriptura.⁶

280 1501 488 1568 Confitentur
516 1503 574 1567 alii
591 1505 690 1588 -quod
727 1526 787 1570 nos
823 1504 977 1590 fingimus
1014 1505 1283 1593 inconsequenter
1294 1521 1416 1575 Itineris

227 1603 391 1669 miracula
404 1603 445 1669 de
458 1604 687 1670 accidentibus
1257 1596 1260 1603 ’
1292 1588 1423 1669 ΨΜ.

275 1704 367 1771 Huic
389 1705 510 1771 dicitur
531 1707 619 1791 quod
641 1729 715 1771 cum
737 1706 797 1771 hoc
819 1708 964 1773 nesciant
986 1709 1122 1793 probare
1133 1734 1142 1791 ;
1164 1711 1280 1777 melius
1290 1662 1441 1799 witgils:

227 1811 281 1872 est
303 1807 433 1872 credere
456 1808 544 1892 quod
569 1807 717 1873 accidens
743 1814 793 1872 est
819 1808 867 1873 ibi
888 1810 958 1874 sine
982 1809 1135 1896 subjecto,
1159 1817 1193 1878 et
1215 1802 1422 1904 aiiaffiffin

226 1907 386 1974 muscula
415 1928 490 1993 quae
522 1930 589 1974 non
618 1909 780 1994 fingimus,
806 1906 878 1975 sed⁶
906 1912 999 1976 nobis
1029 1914 1207 1980 traduntur
1236 1916 1279 1981 ab

227 2008 371 2075 ecclesiae
399 2009 557 2094 patribus,
589 2030 687 2094 quam
717 2032 738 2074 a
762 2011 827 2075 fide
850 2012 981 2076 deviare
1003 2034 1076 2077 cum
1100 2015 1156 2080 illo
1179 2016 1279 2082 deliro

227 2130 306 2175 sene
335 2115 370 2175 et
399 2109 568 2175 haeretico⁷
600 2110 698 2175 Petro
720 2111 884 2187 Abelardi‚
913 2114 977 2197 qui,
1006 2120 1045 2178 ut
1068 2116 1117 2180 ait
1141 2115 1177 2178 B.
1202 2116 1280 2181 Ber-

224 2211 358 2287 nnrdus,
374 2233 449 2276 cum
473 2212 602 2276 lusisset
617 2233 721 2297 usque
735 2213 777 2275 ad
794 2210 938 2276 senium⁸
960 2214 997 2276 in
1018 2215 1278 2298 sophismatibus,

224 2312 270 2377 de
292 2313 398 2378 veteri
422 2313 579 2398 magistro
602 2335 727 2377 novum
753 2313 941 2398 theologum
965 2335 999 2377 se
1026 2314 1124 2379 fecit:
1149 2320 1279 2380 etcum

224 2412 401 2499 theologus
426 2435 494 2478 esse
521 2414 643 2490 debuit,
668 2414 857 2498 stultilogus
879 2414 984 2478 factus
1007 2420 1062 2478 est.
1110 2414 1177 2479 Hic
1191 2416 1286 2481 enim,¹

225 2534 374 2579 asserem
388 2516 475 2600 quod
490 2512 688 2579 accidentia⁹
702 2516 772 2578 sine
798 2515 945 2598 subjecto
960 2537 1028 2579 esse
1043 2537 1110 2580 non
1132 2521 1276 2601 possunt,

224 2614 340 2701 posuit
368 2637 406 2680 ea
435 2617 471 2679 in
501 2637 573 2679 aere
602 2615 784 2699 subjectari.
840 2616 896 2680 Ad
919 2617 1016 2699 hujus
1047 2619 1278 2682 correctionem

224 2715 391 2781 laboravit
418 2716 454 2779 B.
478 2716 670 2790 Bemardus,
696 2715 797 2781 verbo
819 2722 853 2780 et
883 2718 1010 2802 scripte,
1035 2724 1069 2782 et
1099 2740 1173 2783 eum
1204 2741 1278 2784 con·

224 2818 397 2883 demnavit
427 2817 637 2882 Innocentius
672 2816 877 2882 Secundus¹⁰
922 2817 967 2882 Et
1005 2820 1108 2904 magis
1145 2821 1278 2884 videtur

224 2918 322 2985 eme¹¹
346 2919 543 2985 credendum
565 2919 738 2993 Bemardo,
761 2941 859 3003 quarn
882 2920 1078 3005 Berengario
1090 2944 1099 2997 3
1122 2921 1161 2984 Β.
1177 2920 1276 2986 Petro

224 3020 263 3084 in
276 3006 279 3011 ’
292 3042 352 3086 suo
378 3042 555 3085 successore
580 3020 728 3105 legitimo
754 3020 945 3085 Innocentio
971 3021 1154 3098 ὃθοιιιιόο,12
1177 3044 1275 3106 quam

224 3120 327 3186 Petro
341 3122 498 3185 Abelardi
512 3122 664 3186 haeretico
680 3127 749 3185 tam
765 3122 895 3186 famoso

272 3222 338 3286 III.
362 3223 531 3286 Postremo
560 3228 661 3286 restat
692 3224 795 3286 dicere
818 3225 858 3286 de
888 3225 1008 3301 terti03
1047 3239 1081 3288 et
1111 3231 1203 3310 patet
1233 3247 1274 3288 ex
1288 3237 1368 3287 What

223 3324 491 3409 pmcedentibus,
524 3324 610 3406 quod
640 3325 772 3387 nomina
800 3325 898 3409 hujus
930 3326 1122 3388 sacramenti
1156 3326 1273 3410 quibus
1286 3317 1442 3435 ffiffio

223 3425 358 3489 ecelesia
379 3427 493 3499 utitur,
510 3431 588 3488 sunt
611 3446 683 3488 caro
706 3431 740 3488 et
763 3447 893 3511 sangurs
918 3425 1049 3500 Christi,
1075 3432 1134 3490 aut
1157 3427 1273 3491 eucha-
1286 3435 1381 3485 church

204 3527 325 3602 essa,
355 3528 443 3610 quod
473 3528 515 3590 aa
545 3527 632 3591 idem
655 3527 769 3591 tenne.
1288 3501 1417 3618 {mn

258 3922 265 3952 ¹
274 3910 343 3986 per]
351 3921 493 3970 secundum.
506 3919 533 3969 C.
808 3918 817 3944 ⁷
828 3915 902 3965 deliro
920 3933 973 3965 sene
987 3923 1011 3964 et
1021 3915 1141 3982 heretico]
1158 3919 1206 3967 liro
1216 3933 1274 3968 sene

258 3999 351 4048 ’John
363 3998 514 4059 Gerson(?).
774 3996 890 4053 heretico,
903 3995 935 4044 A.

260 4078 431 4143 ’siquifirarc]
448 4078 553 4140 signare,
565 4076 595 4125 B.
736 4121 742 4134 ,
806 4074 928 4137 'seruiunt
945 4074 1052 4133 devium,
1064 4075 1093 4123 B.

258 4158 268 4186 ⁴
272 4157 364 4221 juxta]
378 4156 486 4219 inquam,
499 4156 532 4211 A,
543 4154 572 4203 C.
806 4152 974 4216 'accidentin]
994 4153 1116 4212 accidens,
1130 4152 1159 4202 C.

257 4234 389 4299 'August
409 4235 440 4283 de
457 4233 564 4284 civitate
586 4232 643 4290 Dei,
660 4248 684 4280 v.
704 4236 725 4279 1.
807 4232 825 4261 ¹⁰
838 4230 975 4294 Secundus]
990 4231 1101 4288 Tercius,
1112 4231 1155 4289 A;
1174 4244 1221 4279 cm.
1234 4227 1262 4278 0.

225 4313 274 4366 See
286 4315 374 4371 above,
383 4328 407 4376 p.
420 4318 460 4362 58.
809 4310 824 4339 ¹¹
837 4310 899 4373 esse]
913 4325 961 4357 om.
975 4309 1002 4358 C.

257 4391 334 4458 Μαί]
346 4393 419 4451 sicut,
430 4392 460 4441 B.
809 4387 827 4417 ¹²
841 4384 964 4451 Secundo]
979 4386 1077 4445 Tereia,
1086 4384 1120 4435 A.
