3008 5490
379 723 445 789 128
688 734 867 785 rmmouur
889 732 1112 785 zuzsmonou

210 931 361 997 Augustino.
430 925 459 986 4.
499 922 642 1001 Quartus
679 923 772 987 testis
810 927 860 986 est
898 920 934 985 B.
965 919 1170 1007 Augustinus
1207 921 1244 985 in
1281 923 1418 1008 quodam

377 1043 522 1091 sermone
549 1045 712 1109 exponens
735 1023 818 1088 illud
845 1023 941 1089 Luoee
965 1021 1072 1089 XXIV}
1092 1025 1141 1088 35.
1189 1021 1419 1106 Copowveount

377 1147 456 1191 eum
481 1125 525 1190 in
543 1124 716 1210 frodione
738 1123 855 1210 panis.
903 1123 1013 1189 “Non
1039 1125 1143 1189 omnis
1165 1124 1289 1210 panis,”
1304 1126 1417 1211 inquit,

379 1229 467 1293 “sed
489 1229 582 1314 panis
612 1228 769 1314 aooipiens
799 1227 1054 1292 benedictionem
1082 1226 1214 1302 eluisti,
1242 1228 1283 1294 fit
1309 1250 1420 1316 eorpus

379 1339 395 1365 “
412 1328 563 1395 Christi?
608 1329 653 1396 Et
667 1327 813 1415 ponitu12
829 1329 865 1393 in
879 1350 1000 1394 oenone
1015 1327 1073 1393 ubi
1088 1327 1206 1414 supra³

209 1439 318 1491 Jerome.
422 1436 449 1496 5.
474 1433 617 1512 Quintus
639 1433 733 1497 testis
755 1437 805 1496 est
828 1430 879 1495 B.⁴
907 1430 1129 1514 Hieronymus
1154 1431 1190 1496 in
1220 1432 1358 1517 epistola
1379 1434 1420 1498 nd

375 1530 568 1600 Elvideam.⁶
630 1544 646 1570 “
662 1532 761 1609 Nos,’'
791 1533 905 1618 inquit,
940 1533 1140 1598 “audiamus
1176 1555 1294 1618 panem
1324 1557 1419 1620 quem

374 1637 472 1724 fregit
510 1637 677 1712 Dominus,
709 1636 863 1722 deditque
893 1635 1057 1720 discipulis
1086 1632 1176 1711 suis,⁰
1210 1656 1278 1700 esse
1308 1659 1421 1723 eorpus

375 1739 510 1806 Domini
547 1739 733 1814 salvatoris,
765 1740 835 1825 ipso
872 1738 999 1803 dioente
1029 1738 1072 1803 ad
1101 1759 1163 1813 eos
1193 1736 1353 1824 Accipite
1390 1746 1420 1805 et

375 1841 559 1908 consortitos
582 1841 641 1906 hoe
663 1838 729 1906 eot'
752 1861 874 1925 eorpus
895 1837 1065 1905 noeum.’'⁸

125 1930 128 1935 ¹
206 1951 343 2002 Decreeof
421 1946 448 2008 6.
472 1943 592 2008 Sextus
615 1943 709 2007 testis
735 1948 784 2007 est
808 1942 972 2007 decretum
1000 1941 1156 2007 Romanae
1182 1942 1329 2018 ecelesiae,
1346 1965 1421 2028 quae

206 2018 277 2133 {232}
285 2018 334 2135 ,Ὗ
372 2045 435 2109 snb
473 2044 608 2109 Nicolao
655 2043 803 2109 Secundo
848 2066 922 2108 eum
961 2046 1026 2108 114
1063 2042 1243 2130 episeopis⁹
1281 2045 1421 2111 dietavit

372 2146 547 2231 prudenter
572 2145 748 2210 seeundum
774 2151 895 2210 rectam
919 2145 1056 2231 logicam
1082 2166 1154 2230 quae
1182 2146 1279 2211 debet
1304 2148 1376 2232 oapi
1400 2170 1421 2212 a

372 2253 444 2311 tota
470 2246 606 2323 eeclesia,
623 2247 712 2331 quod
731 2247 824 2332 panis
847 2253 880 2312 et
895 2247 1009 2312 vinum
1024 2268 1096 2333 quae
1120 2247 1154 2311 in
1177 2247 1273 2313 uitari
1293 2270 1421 2333 ponun-

372 2352 427 2413 tur
457 2354 535 2413 sunt
545 2346 570 2386 ¹⁰
601 2353 675 2434 post
707 2349 976 2416 oonseorationem
1007 2371 1074 2416 non
1106 2349 1211 2414 solum
1240 2372 1421 2415 sacramen-

372 2453 453 2526 tum,
481 2452 537 2516 sed
563 2472 677 2516 verum
704 2473 817 2538 eorpus
841 2458 875 2517 et
901 2452 1032 2537 sanginis
1054 2450 1189 2518 Domini
1210 2453 1313 2518 nostri
1336 2453 1419 2520 Jesu

372 2551 516 2619 Christi:
543 2559 582 2619 ut
603 2558 695 2639 putet
721 2554 756 2617 in
782 2575 903 2619 canone
926 2553 984 2618 ubi
1010 2551 1140 2639 supra¹¹

205 2665 324 2716 TheUse
416 2652 444 2725 '7-
469 2654 634 2741 Septimus
655 2656 749 2720 testis
775 2661 825 2720 est
839 2678 916 2720 usus
942 2655 1089 2732 eeelesiae,
1106 2654 1190 2740 qui¹⁹
1209 2656 1245 2721 in
1271 2657 1421 2724 eanone¹³

102 2748 109 2762 ·
205 2732 285 2782 ofthe

206 2798 316 2849 choreb.
370 2757 476 2822 missae
492 2757 600 2836 orat,H
615 2763 654 2822 ut
667 2757 737 2823 haee
760 2757 882 2823 oblatio
904 2757 963 2822 fiat
985 2757 1080 2823 nobis
1101 2780 1213 2844 eorpus
1235 2765 1268 2823 et
1286 2762 1419 2847 sanguis

372 2857 506 2923 Domini
535 2860 639 2925 nostri
668 2859 750 2924 Jesu
777 2859 905 2925 Christi
952 2858 1048 2923 Illam
1079 2866 1189 2924 autem
1219 2860 1417 2928 oblationem

370 2966 465 3025 vocat
503 2962 633 3025 eeclesia
669 2968 830 3025 terrenam
867 2961 1091 3034 substantiam,
1130 2963 1214 3027 siout
1251 2969 1344 3048 patet
1382 2967 1417 3028 in

370 3069 492 3126 seereto
506 3060 530 3097 ¹⁵
557 3063 672 3127 mediae
686 3060 710 3098 ¹⁶
736 3064 842 3127 missae
878 3063 1007 3126 Natalis
1043 3062 1213 3127 Domini¹⁷

415 3163 485 3228 Ista
507 3170 616 3227 autem
643 3170 766 3249 septem
790 3165 976 3228 testimonia
991 3164 1035 3229 sic
1051 3166 1200 3230 inficiunt
1214 3167 1414 3251 glossatores,

369 3266 455 3349 quod
469 3263 493 3300 ¹⁸
530 3266 643 3331 dieunt
686 3266 784 3330 tacite
823 3267 931 3332 omnia
979 3267 1059 3332 talia
1097 3268 1184 3333 dicta
1230 3277 1414 3337 sanctorum

368 3478 405 3488 u·-

402 3611 408 3640 ¹
421 3610 507 3674 nnn]
522 3624 625 3669 mlv„
637 3609 678 3668 Α,
696 3624 784 3669 nnn..
796 3611 830 3660 V.
947 3614 965 3643 ¹⁰
975 3614 1044 3678 aurat]
1058 3630 1106 3665 om.
1119 3615 1153 3664 V.

400 3692 410 3719 ²
420 3688 532 3753 ponitur]
547 3689 647 3751 ponitur
657 3698 682 3739 et
695 3690 798 3752 penitus,
811 3690 840 3739 E.
945 3693 961 3722 ¹¹
975 3693 1014 3742 De
1023 3693 1139 3744 Conseor.
1149 3694 1204 3744 dist.
1218 3700 1241 3753 2,
1254 3694 1310 3760 Epo
1324 3700 1412 3746 Boreu-

400 3770 447 3817 ¹8.
467 3768 535 3831 Aug.
560 3768 639 3817 Serm.
672 3774 728 3819 234.
753 3769 816 3832 Opp.
841 3783 866 3820 v.
908 3773 1000 3836 parius.

366 3861 389 3909 p.
403 3852 458 3906 988,
472 3861 497 3896 Α.
532 3846 556 3896 It
574 3846 596 3894 is
611 3855 655 3897 not
673 3850 763 3911 quoted
779 3849 805 3896 in
825 3849 866 3898 the
944 3851 962 3880 ¹²
973 3851 1027 3915 qur]
1042 3867 1096 3914 que,
1109 3852 1142 3909 Λ,
1152 3853 1181 3901 B.

366 3925 453 3975 Canon
462 3926 560 3985 named,
570 3927 614 3975 but
626 3926 753 3976 fonnethe
765 3928 867 3992 chapter
943 3930 961 3958 ¹¹
972 3929 1075 3992 conone]
1089 3945 1216 3989 canonem,
1229 3930 1262 3982 V.

365 4005 395 4052 do
405 4005 520 4054 Conseor.
533 4005 587 4054 dist.
597 4011 621 4065 2,
635 4004 691 4054 Non
703 4008 783 4056 ononis.
943 4008 960 4037 ¹⁸
972 4008 1039 4071 orat]
1054 4008 1135 4065 habet,
1147 4010 1180 4059 A.

399 4086 407 4113 ⁴
419 4082 515 4147 bestium]
531 4099 578 4133 om.
591 4084 625 4136 V.
943 4087 961 4115 ¹⁵
972 4087 1074 4150 secreto]
1089 4095 1189 4147 secreta,
1201 4088 1231 4137 B.

397 4163 406 4191 ⁸
419 4160 559 4227 Eoidcam]
573 4163 708 4222 uitiosum,
721 4164 754 4222 Α,
767 4165 796 4214 n.
942 4163 1060 4228 '‘medioe]
1075 4166 1094 4212 V
1103 4166 1179 4214 husin
1188 4167 1285 4229 margin
1295 4169 1409 4221 }.niedu'.

397 4241 481 4304 “auid
501 4242 551 4290 suis
562 4243 593 4291 ad
605 4245 811 4302 manducandum,
823 4243 856 4292 V.
942 4244 958 4272 ¹⁷
971 4233 1002 4290 In
1014 4243 1055 4293 the
1068 4245 1108 4293 old
1120 4245 1217 4294 Roman
1230 4246 1288 4305 Use,
1300 4249 1384 4298 ulrich
1396 4252 1409 4299 I

397 4320 465 4383 ¹est]
479 4328 517 4369 ost
528 4321 602 4377 onim,
615 4321 644 4368 B.
908 4336 1021 4383 presurne
1040 4323 1061 4370 is
1082 4324 1189 4373 referred
1209 4331 1242 4382 to,
1260 4326 1302 4373 tho
1319 4342 1409 4391 prayer

399 4398 528 4448 ⁸llieron.
553 4399 585 4446 ad
610 4398 750 4457 Hodibinrn,
779 4412 801 4446 e.
839 4404 862 4447 2.
907 4414 993 4448 occurs
1012 4401 1037 4448 in
1057 4402 1100 4450 tho
1120 4402 1180 4461 first,
1195 4410 1238 4451 not
1256 4403 1297 4452 the
1317 4409 1407 4455 second

364 4474 427 4537 Opp.
440 4490 475 4524 lv.
488 4480 542 4525 171.
906 4493 971 4526 mass
982 4478 1023 4526 sor
1034 4480 1170 4529 Christmas
1183 4483 1239 4545 day.

395 4555 466 4600 ”erem
492 4558 536 4611 114
556 4552 686 4617 episcopis]
718 4549 809 4602 attent⁹
831 4559 860 4603 14
883 4588 885 4613 ,
941 4557 1043 4622 ’“φιοό]
1063 4560 1114 4622 qui,
1129 4561 1161 4608 A.

361 4620 463 4694 opionis,
473 4632 495 4680 n
507 4651 513 4689 ;
531 4639 556 4680 et
570 4637 615 4679 113
627 4631 754 4695 episcopis,
766 4632 800 4683 V.
883 4620 886 4691 i
