<?xml version="1.0" encoding="UTF-8"?>
<!DOCTYPE html PUBLIC "-//W3C//DTD XHTML 1.0 Transitional//EN"
    "http://www.w3.org/TR/xhtml1/DTD/xhtml1-transitional.dtd">
<html xmlns="http://www.w3.org/1999/xhtml" xml:lang="en" lang="en">
 <head>
  <title>
</title>
<meta http-equiv="Content-Type" content="text/html;charset=utf-8" />
  <meta name='ocr-system' content='tesseract 3.04.00' />
  <meta name='ocr-capabilities' content='ocr_page ocr_carea ocr_par ocr_line ocrx_word'/>
</head>
<body>
  <div class='ocr_page' id='page_1' title='image "./fasciculizizani00nettgoog_0570.png"; bbox 0 0 3008 5490; ppageno 0'>
   <div class='ocr_carea' id='block_1_1' title="bbox 525 705 1273 794">
    <p class='ocr_par' dir='ltr' id='par_1_1' title="bbox 525 705 1273 794">
     <span class='ocr_line' id='line_1_1' title="bbox 525 705 1273 794; baseline 0.011 -8"><span class='ocrx_word' id='word_1_1' title='bbox 525 737 653 788; x_wconf 72' lang='lat' dir='ltr'>rnicrs</span> <span class='ocrx_word' id='word_1_2' title='bbox 672 738 750 787; x_wconf 68' lang='lat' dir='ltr'>auu,</span> <span class='ocrx_word' id='word_1_3' title='bbox 768 738 982 789; x_wconf 71' lang='lat' dir='ltr'>nocturnus.</span> <span class='ocrx_word' id='word_1_4' title='bbox 1078 705 1081 710; x_wconf 67' lang='grc'><strong>’</strong></span> <span class='ocrx_word' id='word_1_5' title='bbox 1207 722 1273 794; x_wconf 77' lang='lat'>477</span> 
     </span>
    </p>
   </div>
   <div class='ocr_carea' id='block_1_2' title="bbox 727 1345 780 1420">
    <p class='ocr_par' dir='ltr' id='par_1_2' title="bbox 727 1345 780 1420">
     <span class='ocr_line' id='line_1_2' title="bbox 727 1345 780 1420; baseline 0.038 -2"><span class='ocrx_word' id='word_1_6' title='bbox 727 1345 780 1420; x_wconf 91' lang='lat' dir='ltr'>II.</span> 
     </span>
    </p>
   </div>
   <div class='ocr_carea' id='block_1_3' title="bbox 223 1574 1275 1758">
    <p class='ocr_par' dir='ltr' id='par_1_3' title="bbox 223 1574 1275 1758">
     <span class='ocr_line' id='line_1_3' title="bbox 223 1574 1275 1668; baseline 0 -25"><span class='ocrx_word' id='word_1_7' title='bbox 223 1574 342 1644; x_wconf 77' lang='lat' dir='ltr'>ALIA</span> <span class='ocrx_word' id='word_1_8' title='bbox 384 1574 740 1640; x_wconf 85' lang='lat' dir='ltr'><strong>DETERMINATIO</strong></span> <span class='ocrx_word' id='word_1_9' title='bbox 785 1576 823 1663; x_wconf 86' lang='lat' dir='ltr'>[J</span> <span class='ocrx_word' id='word_1_10' title='bbox 825 1576 1039 1642; x_wconf 81' lang='lat' dir='ltr'>OHANNIS</span> <span class='ocrx_word' id='word_1_11' title='bbox 1077 1575 1275 1668; x_wconf 80' lang='lat' dir='ltr'>WYOLIF]</span> 
     </span>
     <span class='ocr_line' id='line_1_4' title="bbox 333 1687 1174 1758; baseline 0 -2"><span class='ocrx_word' id='word_1_12' title='bbox 333 1687 520 1756; x_wconf 80' lang='lat' dir='ltr'><strong>CONTRA</strong></span> <span class='ocrx_word' id='word_1_13' title='bbox 543 1688 834 1756; x_wconf 81' lang='lat' dir='ltr'>KYLINGHAM</span> <span class='ocrx_word' id='word_1_14' title='bbox 858 1689 1174 1758; x_wconf 80' lang='lat' dir='ltr'>CARMELITAM.</span> 
     </span>
    </p>
   </div>
   <div class='ocr_carea' id='block_1_4' title="bbox 223 1912 1277 2509">
    <p class='ocr_par' dir='ltr' id='par_1_4' title="bbox 223 1912 1277 2509">
     <span class='ocr_line' id='line_1_5' title="bbox 270 1912 1275 2000; baseline 0.003 -22"><span class='ocrx_word' id='word_1_15' title='bbox 270 1912 433 1978; x_wconf 65' lang='lat' dir='ltr'>TERTIUM</span> <span class='ocrx_word' id='word_1_16' title='bbox 466 1912 581 1977; x_wconf 88' lang='lat' dir='ltr'>nidum</span> <span class='ocrx_word' id='word_1_17' title='bbox 614 1935 801 1999; x_wconf 91' lang='lat' dir='ltr'>supremum</span> <span class='ocrx_word' id='word_1_18' title='bbox 827 1936 895 1979; x_wconf 91' lang='lat' dir='ltr'>non</span> <span class='ocrx_word' id='word_1_19' title='bbox 917 1915 1038 2000; x_wconf 85' lang='lat' dir='ltr'>quaerit</span> <span class='ocrx_word' id='word_1_20' title='bbox 1060 1915 1186 1981; x_wconf 90' lang='lat' dir='ltr'>Doctor</span> <span class='ocrx_word' id='word_1_21' title='bbox 1211 1916 1275 1981; x_wconf 90' lang='lat' dir='ltr'>dis·</span> 
     </span>
     <span class='ocr_line' id='line_1_6' title="bbox 223 2014 1277 2105; baseline 0.004 -25"><span class='ocrx_word' id='word_1_22' title='bbox 223 2035 385 2101; x_wconf 81' lang='lat' dir='ltr'>rumpere,</span> <span class='ocrx_word' id='word_1_23' title='bbox 423 2014 508 2080; x_wconf 88' lang='lat' dir='ltr'>sicut</span> <span class='ocrx_word' id='word_1_24' title='bbox 546 2035 604 2080; x_wconf 89' lang='lat' dir='ltr'>nec</span> <span class='ocrx_word' id='word_1_25' title='bbox 641 2021 758 2100; x_wconf 88' lang='lat' dir='ltr'>potest,</span> <span class='ocrx_word' id='word_1_26' title='bbox 797 2021 831 2081; x_wconf 92' lang='lat' dir='ltr'>et</span> <span class='ocrx_word' id='word_1_27' title='bbox 868 2016 1033 2102; x_wconf 79' lang='lat' dir='ltr'>sapienter</span> <span class='ocrx_word' id='word_1_28' title='bbox 1068 2016 1168 2095; x_wconf 77' lang='lat' dir='ltr'>facit3</span> <span class='ocrx_word' id='word_1_29' title='bbox 1198 2019 1277 2105; x_wconf 90' lang='lat' dir='ltr'>quia</span> 
     </span>
     <span class='ocr_line' id='line_1_7' title="bbox 224 2115 1275 2206; baseline 0.002 -24"><span class='ocrx_word' id='word_1_30' title='bbox 224 2115 309 2182; x_wconf 83' lang='lat' dir='ltr'>Eccl</span> <span class='ocrx_word' id='word_1_31' title='bbox 336 2132 387 2180; x_wconf 90' lang='lat'>111.</span> <span class='ocrx_word' id='word_1_32' title='bbox 414 2117 456 2179; x_wconf 79' lang='lat'>22</span> <span class='ocrx_word' id='word_1_33' title='bbox 482 2115 609 2191; x_wconf 92' lang='lat' dir='ltr'>dicitur,</span> <span class='ocrx_word' id='word_1_34' title='bbox 635 2116 776 2182; x_wconf 83' lang='lat' dir='ltr'>Altioro</span> <span class='ocrx_word' id='word_1_35' title='bbox 806 2124 834 2182; x_wconf 77' lang='lat' dir='ltr'>tc</span> <span class='ocrx_word' id='word_1_36' title='bbox 864 2139 906 2182; x_wconf 80' lang='lat' dir='ltr'>uc</span> <span class='ocrx_word' id='word_1_37' title='bbox 931 2116 1131 2203; x_wconf 53' lang='lat' dir='ltr'>quaesierim</span> <span class='ocrx_word' id='word_1_38' title='bbox 1162 2120 1275 2206; x_wconf 80' lang='lat' dir='ltr'>supple</span> 
     </span>
     <span class='ocr_line' id='line_1_8' title="bbox 224 2217 1276 2306; baseline 0.002 -22"><span class='ocrx_word' id='word_1_39' title='bbox 224 2219 427 2304; x_wconf 84' lang='lat' dir='ltr'>disrumpere</span> <span class='ocrx_word' id='word_1_40' title='bbox 451 2217 505 2282; x_wconf 88' lang='lat' dir='ltr'>vel</span> <span class='ocrx_word' id='word_1_41' title='bbox 530 2217 705 2282; x_wconf 90' lang='lat' dir='ltr'>destruere.</span> <span class='ocrx_word' id='word_1_42' title='bbox 751 2217 831 2284; x_wconf 88' lang='lat' dir='ltr'>Ideo</span> <span class='ocrx_word' id='word_1_43' title='bbox 858 2241 977 2306; x_wconf 87' lang='lat' dir='ltr'>magna</span> <span class='ocrx_word' id='word_1_44' title='bbox 1002 2225 1053 2285; x_wconf 89' lang='lat' dir='ltr'>est</span> <span class='ocrx_word' id='word_1_45' title='bbox 1078 2220 1183 2306; x_wconf 85' lang='lat' dir='ltr'>pietas</span> <span class='ocrx_word' id='word_1_46' title='bbox 1206 2243 1276 2286; x_wconf 92' lang='lat' dir='ltr'>mo·</span> 
     </span>
     <span class='ocr_line' id='line_1_9' title="bbox 223 2320 1275 2407; baseline 0.001 -20"><span class='ocrx_word' id='word_1_47' title='bbox 223 2321 400 2388; x_wconf 81' lang='lat' dir='ltr'>domorum</span> <span class='ocrx_word' id='word_1_48' title='bbox 438 2320 526 2405; x_wconf 89' lang='lat' dir='ltr'>quod</span> <span class='ocrx_word' id='word_1_49' title='bbox 566 2342 633 2385; x_wconf 92' lang='lat' dir='ltr'>non</span> <span class='ocrx_word' id='word_1_50' title='bbox 671 2320 881 2407; x_wconf 79' lang='lat' dir='ltr'>disrumpunt</span> <span class='ocrx_word' id='word_1_51' title='bbox 917 2325 1057 2388; x_wconf 84' lang='lat' dir='ltr'>aeternas</span> <span class='ocrx_word' id='word_1_52' title='bbox 1094 2323 1275 2388; x_wconf 83' lang='lat' dir='ltr'>sententias</span> 
     </span>
     <span class='ocr_line' id='line_1_10' title="bbox 223 2420 1275 2509; baseline -0.001 -21"><span class='ocrx_word' id='word_1_53' title='bbox 223 2423 368 2509; x_wconf 78' lang='lat' dir='ltr'>Antiqui</span> <span class='ocrx_word' id='word_1_54' title='bbox 391 2423 525 2487; x_wconf 87' lang='lat' dir='ltr'>dierum</span> <span class='ocrx_word' id='word_1_55' title='bbox 572 2420 687 2487; x_wconf 84' lang='lat' dir='ltr'>Multis</span> <span class='ocrx_word' id='word_1_56' title='bbox 710 2427 822 2487; x_wconf 90' lang='lat' dir='ltr'>tamen</span> <span class='ocrx_word' id='word_1_57' title='bbox 848 2423 975 2498; x_wconf 86' lang='lat' dir='ltr'>accidit,</span> <span class='ocrx_word' id='word_1_58' title='bbox 1000 2423 1178 2488; x_wconf 82' lang='lat' dir='ltr'>secundum</span> <span class='ocrx_word' id='word_1_59' title='bbox 1204 2423 1275 2509; x_wconf 90' lang='lat' dir='ltr'>phi-</span> 
     </span>
    </p>
   </div>
   <div class='ocr_carea' id='block_1_5' title="bbox 219 2523 1444 4131">
    <p class='ocr_par' dir='ltr' id='par_1_5' title="bbox 222 2523 1276 2914">
     <span class='ocr_line' id='line_1_11' title="bbox 222 2523 1276 2611; baseline -0.001 -21"><span class='ocrx_word' id='word_1_60' title='bbox 222 2525 432 2611; x_wconf 81' lang='lat' dir='ltr'>losophorum</span> <span class='ocrx_word' id='word_1_61' title='bbox 455 2523 642 2601; x_wconf 80' lang='lat' dir='ltr'>sententiaa,</span> <span class='ocrx_word' id='word_1_62' title='bbox 658 2524 747 2610; x_wconf 92' lang='lat' dir='ltr'>quod</span> <span class='ocrx_word' id='word_1_63' title='bbox 768 2525 804 2588; x_wconf 90' lang='lat' dir='ltr'>in</span> <span class='ocrx_word' id='word_1_64' title='bbox 826 2524 972 2589; x_wconf 83' lang='lat' dir='ltr'>tmribus</span> <span class='ocrx_word' id='word_1_65' title='bbox 993 2525 1179 2590; x_wconf 78' lang='lat' dir='ltr'>fortissimis</span> <span class='ocrx_word' id='word_1_66' title='bbox 1201 2547 1276 2589; x_wconf 89' lang='lat' dir='ltr'>con·</span> 
     </span>
     <span class='ocr_line' id='line_1_12' title="bbox 223 2624 1276 2711; baseline -0.002 -18"><span class='ocrx_word' id='word_1_67' title='bbox 223 2628 344 2704; x_wconf 90' lang='lat' dir='ltr'>stituti‚</span> <span class='ocrx_word' id='word_1_68' title='bbox 376 2649 418 2692; x_wconf 88' lang='lat' dir='ltr'>ex</span> <span class='ocrx_word' id='word_1_69' title='bbox 449 2625 631 2711; x_wconf 86' lang='lat' dir='ltr'>suspicione</span> <span class='ocrx_word' id='word_1_70' title='bbox 661 2647 753 2690; x_wconf 82' lang='lat' dir='ltr'>casus</span> <span class='ocrx_word' id='word_1_71' title='bbox 783 2626 938 2690; x_wconf 86' lang='lat' dir='ltr'>timentes</span> <span class='ocrx_word' id='word_1_72' title='bbox 960 2624 1019 2689; x_wconf 93' lang='lat' dir='ltr'>ubi</span> <span class='ocrx_word' id='word_1_73' title='bbox 1048 2645 1116 2689; x_wconf 91' lang='lat' dir='ltr'>non</span> <span class='ocrx_word' id='word_1_74' title='bbox 1147 2632 1276 2711; x_wconf 79' lang='lat' dir='ltr'>oportet</span> 
     </span>
     <span class='ocr_line' id='line_1_13' title="bbox 223 2727 1276 2815; baseline -0.001 -21"><span class='ocrx_word' id='word_1_75' title='bbox 223 2729 405 2795; x_wconf 82' lang='lat' dir='ltr'>formidant</span> <span class='ocrx_word' id='word_1_76' title='bbox 441 2727 576 2793; x_wconf 78' lang='lat' dir='ltr'>tremuli</span> <span class='ocrx_word' id='word_1_77' title='bbox 588 2750 596 2806; x_wconf 90' lang='lat'>;</span> <span class='ocrx_word' id='word_1_78' title='bbox 634 2732 673 2791; x_wconf 91' lang='lat' dir='ltr'>ut</span> <span class='ocrx_word' id='word_1_79' title='bbox 710 2727 829 2792; x_wconf 87' lang='lat' dir='ltr'>accidit</span> <span class='ocrx_word' id='word_1_80' title='bbox 866 2727 1022 2793; x_wconf 87' lang='lat' dir='ltr'>maniacis</span> <span class='ocrx_word' id='word_1_81' title='bbox 1059 2727 1118 2813; x_wconf 91' lang='lat' dir='ltr'>qui</span> <span class='ocrx_word' id='word_1_82' title='bbox 1155 2731 1276 2815; x_wconf 89' lang='lat' dir='ltr'>putant</span> 
     </span>
     <span class='ocr_line' id='line_1_14' title="bbox 223 2828 1068 2914; baseline -0.004 -19"><span class='ocrx_word' id='word_1_83' title='bbox 223 2831 345 2902; x_wconf 86' lang='lat' dir='ltr'>eoelum</span> <span class='ocrx_word' id='word_1_84' title='bbox 370 2829 483 2895; x_wconf 87' lang='lat' dir='ltr'>cadere</span> <span class='ocrx_word' id='word_1_85' title='bbox 507 2835 639 2914; x_wconf 89' lang='lat' dir='ltr'>propter</span> <span class='ocrx_word' id='word_1_86' title='bbox 663 2829 808 2893; x_wconf 90' lang='lat' dir='ltr'>delatum</span> <span class='ocrx_word' id='word_1_87' title='bbox 832 2828 1068 2894; x_wconf 85' lang='lat' dir='ltr'>fulcimentum.</span> 
     </span>
    </p>

    <p class='ocr_par' dir='ltr' id='par_1_6' title="bbox 219 2929 1444 4131">
     <span class='ocr_line' id='line_1_15' title="bbox 269 2929 1425 3017; baseline -0.003 -20"><span class='ocrx_word' id='word_1_88' title='bbox 269 2932 296 2997; x_wconf 93' lang='grc' dir='ltr'>Ι.</span> <span class='ocrx_word' id='word_1_89' title='bbox 326 2932 438 2997; x_wconf 91' lang='lat' dir='ltr'>Primo</span> <span class='ocrx_word' id='word_1_90' title='bbox 469 2952 544 3017; x_wconf 73' lang='lat' dir='ltr'>ergo</span> <span class='ocrx_word' id='word_1_91' title='bbox 579 2930 698 3016; x_wconf 87' lang='lat' dir='ltr'>probat</span> <span class='ocrx_word' id='word_1_92' title='bbox 729 2929 853 2995; x_wconf 86' lang='lat' dir='ltr'>Doctor</span> <span class='ocrx_word' id='word_1_93' title='bbox 884 2930 972 3015; x_wconf 91' lang='lat' dir='ltr'>quod</span> <span class='ocrx_word' id='word_1_94' title='bbox 996 2930 1178 3017; x_wconf 86' lang='lat' dir='ltr'>antiquitas</span> <span class='ocrx_word' id='word_1_95' title='bbox 1201 2952 1275 3017; x_wconf 89' lang='lat' dir='ltr'>quae</span> <span class='ocrx_word' id='word_1_96' title='bbox 1289 2942 1425 3011; x_wconf 75' lang='lat' dir='ltr'>smmry</span> 
     </span>
     <span class='ocr_line' id='line_1_16' title="bbox 223 3009 1444 3128; baseline 0 -30"><span class='ocrx_word' id='word_1_97' title='bbox 223 3040 274 3098; x_wconf 75' lang='lat' dir='ltr'>est</span> <span class='ocrx_word' id='word_1_98' title='bbox 305 3032 483 3107; x_wconf 72' lang='lat' dir='ltr'>aeternitas,</span> <span class='ocrx_word' id='word_1_99' title='bbox 515 3032 555 3096; x_wconf 91' lang='lat' dir='ltr'>de</span> <span class='ocrx_word' id='word_1_100' title='bbox 585 3053 651 3117; x_wconf 92' lang='lat' dir='ltr'>qua</span> <span class='ocrx_word' id='word_1_101' title='bbox 687 3030 869 3124; x_wconf 81' lang='lat' dir='ltr'>Scriptura</span> <span class='ocrx_word' id='word_1_102' title='bbox 886 3054 978 3097; x_wconf 87' lang='lat' dir='ltr'>sacra</span> <span class='ocrx_word' id='word_1_103' title='bbox 1007 3038 1078 3097; x_wconf 86' lang='lat' dir='ltr'>tam</span> <span class='ocrx_word' id='word_1_104' title='bbox 1108 3032 1276 3118; x_wconf 83' lang='lat' dir='ltr'>signanter</span> <span class='ocrx_word' id='word_1_105' title='bbox 1288 3009 1444 3128; x_wconf 41' lang='lat' dir='ltr'>{3¹:¹¹2ss</span> 
     </span>
     <span class='ocr_line' id='line_1_17' title="bbox 223 3130 1392 3221; baseline -0.005 -22"><span class='ocrx_word' id='word_1_106' title='bbox 223 3134 373 3220; x_wconf 88' lang='lat' dir='ltr'>loquitur</span> <span class='ocrx_word' id='word_1_107' title='bbox 410 3153 484 3196; x_wconf 88' lang='lat' dir='ltr'>cum</span> <span class='ocrx_word' id='word_1_108' title='bbox 526 3131 561 3195; x_wconf 92' lang='lat' dir='ltr'>B.</span> <span class='ocrx_word' id='word_1_109' title='bbox 595 3130 776 3217; x_wconf 86' lang='lat' dir='ltr'>Dionysio,¹</span> <span class='ocrx_word' id='word_1_110' title='bbox 809 3153 875 3196; x_wconf 95' lang='lat' dir='ltr'>non</span> <span class='ocrx_word' id='word_1_111' title='bbox 912 3133 1013 3197; x_wconf 89' lang='lat' dir='ltr'>solvit</span> <span class='ocrx_word' id='word_1_112' title='bbox 1049 3132 1392 3221; x_wconf 78' lang='lat' dir='ltr'>difficultatemjoinder.</span> 
     </span>
     <span class='ocr_line' id='line_1_18' title="bbox 219 3232 1276 3321; baseline -0.002 -21"><span class='ocrx_word' id='word_1_113' title='bbox 219 3236 261 3300; x_wconf 88' lang='lat' dir='ltr'>B.</span> <span class='ocrx_word' id='word_1_114' title='bbox 278 3233 484 3321; x_wconf 73' lang='lat' dir='ltr'>Augustini&#39;</span> <span class='ocrx_word' id='word_1_115' title='bbox 511 3233 551 3297; x_wconf 91' lang='lat' dir='ltr'>de</span> <span class='ocrx_word' id='word_1_116' title='bbox 576 3233 680 3297; x_wconf 88' lang='lat' dir='ltr'>nimia</span> <span class='ocrx_word' id='word_1_117' title='bbox 709 3232 906 3316; x_wconf 82' lang='lat' dir='ltr'>antiquitate</span> <span class='ocrx_word' id='word_1_118' title='bbox 937 3232 1114 3319; x_wconf 72' lang='lat' dir='ltr'>Scripturas</span> <span class='ocrx_word' id='word_1_119' title='bbox 1138 3233 1276 3300; x_wconf 83' lang='lat' dir='ltr'>faciente</span> 
     </span>
     <span class='ocr_line' id='line_1_19' title="bbox 224 3333 1276 3423; baseline -0.004 -21"><span class='ocrx_word' id='word_1_120' title='bbox 224 3337 314 3423; x_wconf 89' lang='lat' dir='ltr'>quod</span> <span class='ocrx_word' id='word_1_121' title='bbox 336 3335 442 3420; x_wconf 84' lang='lat' dir='ltr'>aliqui</span> <span class='ocrx_word' id='word_1_122' title='bbox 463 3334 539 3398; x_wconf 87' lang='lat' dir='ltr'>libri</span> <span class='ocrx_word' id='word_1_123' title='bbox 561 3356 629 3398; x_wconf 92' lang='lat' dir='ltr'>non</span> <span class='ocrx_word' id='word_1_124' title='bbox 651 3334 915 3398; x_wconf 87' lang='lat' dir='ltr'>auctenticantur</span> <span class='ocrx_word' id='word_1_125' title='bbox 936 3335 978 3397; x_wconf 91' lang='lat' dir='ltr'>ab</span> <span class='ocrx_word' id='word_1_126' title='bbox 1002 3333 1142 3398; x_wconf 86' lang='lat' dir='ltr'>ecclesia</span> <span class='ocrx_word' id='word_1_127' title='bbox 1188 3334 1276 3399; x_wconf 88' lang='lat' dir='ltr'>Nam</span> 
     </span>
     <span class='ocr_line' id='line_1_20' title="bbox 223 3434 1277 3524; baseline -0.004 -21"><span class='ocrx_word' id='word_1_128' title='bbox 223 3440 252 3503; x_wconf 85' lang='lat' dir='ltr'>si</span> <span class='ocrx_word' id='word_1_129' title='bbox 290 3442 425 3524; x_wconf 91' lang='lat' dir='ltr'>propter</span> <span class='ocrx_word' id='word_1_130' title='bbox 467 3435 700 3519; x_wconf 83' lang='lat' dir='ltr'>antiquitatem</span> <span class='ocrx_word' id='word_1_131' title='bbox 738 3435 950 3520; x_wconf 85' lang='lat' dir='ltr'>temporalem</span> <span class='ocrx_word' id='word_1_132' title='bbox 995 3434 1159 3499; x_wconf 89' lang='lat' dir='ltr'>habentur</span> <span class='ocrx_word' id='word_1_133' title='bbox 1196 3435 1277 3500; x_wconf 87' lang='lat' dir='ltr'>dicti</span> 
     </span>
     <span class='ocr_line' id='line_1_21' title="bbox 223 3534 1277 3622; baseline -0.005 -17"><span class='ocrx_word' id='word_1_134' title='bbox 223 3540 302 3605; x_wconf 87' lang='lat' dir='ltr'>libri</span> <span class='ocrx_word' id='word_1_135' title='bbox 332 3536 484 3622; x_wconf 87' lang='lat' dir='ltr'>suspecti,</span> <span class='ocrx_word' id='word_1_136' title='bbox 516 3541 550 3600; x_wconf 90' lang='lat' dir='ltr'>et</span> <span class='ocrx_word' id='word_1_137' title='bbox 579 3535 761 3620; x_wconf 80' lang='lat' dir='ltr'>antiquitas</span> <span class='ocrx_word' id='word_1_138' title='bbox 797 3540 921 3600; x_wconf 85' lang='lat' dir='ltr'>aeterna</span> <span class='ocrx_word' id='word_1_139' title='bbox 950 3539 1000 3599; x_wconf 90' lang='lat' dir='ltr'>est</span> <span class='ocrx_word' id='word_1_140' title='bbox 1030 3534 1135 3599; x_wconf 90' lang='lat' dir='ltr'>multo</span> <span class='ocrx_word' id='word_1_141' title='bbox 1173 3537 1277 3620; x_wconf 90' lang='lat' dir='ltr'>major</span> 
     </span>
     <span class='ocr_line' id='line_1_22' title="bbox 223 3636 1277 3725; baseline -0.001 -23"><span class='ocrx_word' id='word_1_142' title='bbox 223 3642 290 3718; x_wconf 60' lang='lat' dir='ltr'>illa„</span> <span class='ocrx_word' id='word_1_143' title='bbox 306 3639 458 3725; x_wconf 86' lang='lat' dir='ltr'>sequitur</span> <span class='ocrx_word' id='word_1_144' title='bbox 472 3637 561 3723; x_wconf 92' lang='lat' dir='ltr'>quod</span> <span class='ocrx_word' id='word_1_145' title='bbox 582 3642 716 3723; x_wconf 86' lang='lat' dir='ltr'>propter</span> <span class='ocrx_word' id='word_1_146' title='bbox 733 3636 969 3720; x_wconf 86' lang='lat' dir='ltr'>antiquitatem</span> <span class='ocrx_word' id='word_1_147' title='bbox 989 3643 1146 3703; x_wconf 81' lang='lat' dir='ltr'>aeternam</span> <span class='ocrx_word' id='word_1_148' title='bbox 1168 3636 1277 3702; x_wconf 85' lang='lat' dir='ltr'>forent</span> 
     </span>
     <span class='ocr_line' id='line_1_23' title="bbox 224 3737 827 3824; baseline -0.012 -16"><span class='ocrx_word' id='word_1_149' title='bbox 224 3743 340 3808; x_wconf 79' lang='lat' dir='ltr'>cadem</span> <span class='ocrx_word' id='word_1_150' title='bbox 366 3744 518 3824; x_wconf 84' lang='lat' dir='ltr'>suspecta</span> <span class='ocrx_word' id='word_1_151' title='bbox 542 3738 629 3823; x_wconf 91' lang='lat' dir='ltr'>apud</span> <span class='ocrx_word' id='word_1_152' title='bbox 654 3737 827 3802; x_wconf 66' lang='lat' dir='ltr'>ecclesiam</span> 
     </span>
     <span class='ocr_line' id='line_1_24' title="bbox 235 3836 1277 3924; baseline -0.005 -16"><span class='ocrx_word' id='word_1_153' title='bbox 235 3875 238 3879; x_wconf 51' lang='grc'><em>’</em></span> <span class='ocrx_word' id='word_1_154' title='bbox 271 3842 424 3908; x_wconf 84' lang='lat' dir='ltr'>Concedo</span> <span class='ocrx_word' id='word_1_155' title='bbox 454 3839 711 3915; x_wconf 66' lang='lat' dir='ltr'>conclusionem</span> <span class='ocrx_word' id='word_1_156' title='bbox 741 3839 799 3902; x_wconf 87' lang='lat' dir='ltr'>sed</span> <span class='ocrx_word' id='word_1_157' title='bbox 828 3836 914 3902; x_wconf 89' lang='lat' dir='ltr'>absit</span> <span class='ocrx_word' id='word_1_158' title='bbox 945 3838 1033 3924; x_wconf 89' lang='lat' dir='ltr'>quod</span> <span class='ocrx_word' id='word_1_159' title='bbox 1062 3859 1105 3902; x_wconf 85' lang='lat' dir='ltr'>ex</span> <span class='ocrx_word' id='word_1_160' title='bbox 1135 3837 1196 3904; x_wconf 93' lang='lat' dir='ltr'>hoc</span> <span class='ocrx_word' id='word_1_161' title='bbox 1225 3838 1277 3903; x_wconf 91' lang='lat' dir='ltr'>in·</span> 
     </span>
     <span class='ocr_line' id='line_1_25' title="bbox 224 3939 1277 4026; baseline -0.006 -16"><span class='ocrx_word' id='word_1_162' title='bbox 224 3946 351 4010; x_wconf 87' lang='lat' dir='ltr'>feratur</span> <span class='ocrx_word' id='word_1_163' title='bbox 378 3960 607 4026; x_wconf 89' lang='lat' dir='ltr'>quamcunque</span> <span class='ocrx_word' id='word_1_164' title='bbox 631 3939 806 4003; x_wconf 84' lang='lat' dir='ltr'>veritatem</span> <span class='ocrx_word' id='word_1_165' title='bbox 831 3941 988 4004; x_wconf 82' lang='lat' dir='ltr'>aeternam</span> <span class='ocrx_word' id='word_1_166' title='bbox 1015 3960 1057 4002; x_wconf 88' lang='lat' dir='ltr'>ex</span> <span class='ocrx_word' id='word_1_167' title='bbox 1079 3939 1193 4004; x_wconf 82' lang='lat' dir='ltr'>eadem</span> <span class='ocrx_word' id='word_1_168' title='bbox 1220 3962 1277 4004; x_wconf 89' lang='lat' dir='ltr'>an·</span> 
     </span>
     <span class='ocr_line' id='line_1_26' title="bbox 225 4041 834 4131; baseline -0.018 -18"><span class='ocrx_word' id='word_1_169' title='bbox 225 4045 385 4131; x_wconf 84' lang='lat' dir='ltr'>tiquitate</span> <span class='ocrx_word' id='word_1_170' title='bbox 410 4041 529 4105; x_wconf 88' lang='lat' dir='ltr'>debere</span> <span class='ocrx_word' id='word_1_171' title='bbox 552 4061 621 4104; x_wconf 84' lang='lat' dir='ltr'>csse</span> <span class='ocrx_word' id='word_1_172' title='bbox 643 4044 834 4124; x_wconf 88' lang='lat' dir='ltr'>suspectam.</span> 
     </span>
    </p>
   </div>
   <div class='ocr_carea' id='block_1_6' title="bbox 271 4138 1277 4227">
    <p class='ocr_par' dir='ltr' id='par_1_7' title="bbox 271 4138 1277 4227">
     <span class='ocr_line' id='line_1_27' title="bbox 271 4138 1277 4227; baseline -0.006 -16"><span class='ocrx_word' id='word_1_173' title='bbox 271 4146 318 4213; x_wconf 92' lang='lat' dir='ltr'>II.</span> <span class='ocrx_word' id='word_1_174' title='bbox 342 4138 513 4210; x_wconf 86' lang='lat' dir='ltr'>Secundo⁸</span> <span class='ocrx_word' id='word_1_175' title='bbox 537 4140 626 4227; x_wconf 85' lang='lat' dir='ltr'>capit</span> <span class='ocrx_word' id='word_1_176' title='bbox 656 4139 787 4216; x_wconf 79' lang='lat' dir='ltr'>Ductor,</span> <span class='ocrx_word' id='word_1_177' title='bbox 815 4138 899 4206; x_wconf 84' lang='lat' dir='ltr'>forte</span> <span class='ocrx_word' id='word_1_178' title='bbox 926 4161 968 4204; x_wconf 84' lang='lat' dir='ltr'>ex</span> <span class='ocrx_word' id='word_1_179' title='bbox 998 4139 1140 4207; x_wconf 79' lang='lat' dir='ltr'>siriistiis</span> <span class='ocrx_word' id='word_1_180' title='bbox 1168 4160 1277 4225; x_wconf 88' lang='lat' dir='ltr'>repor-</span> 
     </span>
    </p>
   </div>
   <div class='ocr_carea' id='block_1_7' title="bbox 259 4476 1277 4545">
    <p class='ocr_par' dir='ltr' id='par_1_8' title="bbox 259 4476 1277 4545">
     <span class='ocr_line' id='line_1_28' title="bbox 259 4476 1277 4545; baseline -0.011 -8"><span class='ocrx_word' id='word_1_181' title='bbox 259 4483 402 4537; x_wconf 77' lang='lat' dir='ltr'>¹Duurii</span> <span class='ocrx_word' id='word_1_182' title='bbox 415 4488 439 4533; x_wconf 84' lang='grc'>9.</span> <span class='ocrx_word' id='word_1_183' title='bbox 459 4479 567 4545; x_wconf 68' lang='lat' dir='ltr'>Dionys</span> <span class='ocrx_word' id='word_1_184' title='bbox 582 4479 614 4528; x_wconf 85' lang='lat' dir='ltr'>de</span> <span class='ocrx_word' id='word_1_185' title='bbox 629 4476 731 4528; x_wconf 78' lang='lat' dir='ltr'>Divinis</span> <span class='ocrx_word' id='word_1_186' title='bbox 813 4477 902 4542; x_wconf 54' lang='lat' dir='ltr'>&#39;Aug</span> <span class='ocrx_word' id='word_1_187' title='bbox 927 4479 959 4528; x_wconf 85' lang='lat' dir='ltr'>de</span> <span class='ocrx_word' id='word_1_188' title='bbox 984 4477 1092 4529; x_wconf 73' lang='lat' dir='ltr'>civitate</span> <span class='ocrx_word' id='word_1_189' title='bbox 1117 4477 1174 4535; x_wconf 76' lang='lat' dir='ltr'>Dei,</span> <span class='ocrx_word' id='word_1_190' title='bbox 1198 4490 1277 4527; x_wconf 82' lang='lat' dir='ltr'>mu.</span> 
     </span>
    </p>
   </div>
   <div class='ocr_carea' id='block_1_8' title="bbox 225 4559 1131 4696">
    <p class='ocr_par' dir='ltr' id='par_1_9' title="bbox 225 4559 1131 4696">
     <span class='ocr_line' id='line_1_29' title="bbox 225 4559 1131 4696; baseline -0.012 -82"><span class='ocrx_word' id='word_1_191' title='bbox 225 4565 388 4620; x_wconf 67' lang='lat' dir='ltr'>Nominibus.</span> <span class='ocrx_word' id='word_1_192' title='bbox 399 4575 455 4624; x_wconf 71' lang='lat' dir='ltr'>cup.</span> <span class='ocrx_word' id='word_1_193' title='bbox 470 4564 509 4608; x_wconf 90' lang='lat'>10.</span> <span class='ocrx_word' id='word_1_194' title='bbox 780 4569 833 4663; x_wconf 80' lang='lat' dir='ltr'>cap.</span> <span class='ocrx_word' id='word_1_195' title='bbox 836 4559 899 4680; x_wconf 43' lang='grc' dir='ltr'>ἔζη</span> <span class='ocrx_word' id='word_1_196' title='bbox 900 4631 958 4696; x_wconf 55' lang='grc' dir='ltr'>ιώ]</span> <span class='ocrx_word' id='word_1_197' title='bbox 972 4630 1071 4690; x_wconf 53' lang='lat' dir='ltr'>Tmo,</span> <span class='ocrx_word' id='word_1_198' title='bbox 1082 4630 1131 4682; x_wconf 73' lang='lat' dir='ltr'>MS</span> 
     </span>
    </p>
   </div>
   <div class='ocr_carea' id='block_1_9' title="bbox 0 0 1511 5490">
    <p class='ocr_par' dir='ltr' id='par_1_10' title="bbox 0 0 1511 5490">
     <span class='ocr_line' id='line_1_30' title="bbox 0 0 1511 5490; baseline 0 0"><span class='ocrx_word' id='word_1_199' title='bbox 0 0 1511 5490; x_wconf 95' lang='lat' dir='ltr'> </span> 
     </span>
    </p>
   </div>
  </div>
 </body>
</html>
