3158 5490
266 689 330 760 396
581 702 760 755 rsscrcuur
782 695 1009 753 zrzsmoauu

312 897 340 959 6.
365 893 452 958 Item
490 894 578 978 quod
615 892 755 979 episcopi
785 896 819 957 et
856 890 999 956 fautores
1025 909 1153 966 eorum,
1186 888 1332 954 dicentes

265 996 354 1082 quod
378 1018 447 1060 non
477 996 621 1082 pertinet
645 996 688 1060 ad
715 1016 824 1081 regem
848 1000 883 1058 et
909 993 953 1057 ad
976 990 1142 1057 seculares
1169 990 1330 1067 dominos,

264 1097 321 1162 scd
352 1098 395 1162 ad
425 1097 511 1183 ipsos
549 1103 583 1162 et
620 1120 696 1163 suos
734 1095 893 1172 officiales,
932 1094 1051 1181 punire
1089 1093 1262 1158 adulteria
1297 1097 1331 1157 ct

263 1200 502 1278 fornicationes,
529 1200 680 1265 incidunt
711 1200 747 1263 in
782 1203 929 1285 apertum
958 1196 1185 1282 proditionem
1215 1200 1331 1261 contra

263 1323 381 1387 regem,
399 1307 433 1366 et
448 1302 597 1366 haeresim
612 1307 727 1367 centra
742 1299 952 1387 Scripturam.

309 1403 337 1472 7.
363 1403 452 1468 Item
483 1404 572 1489 qued
599 1404 641 1468 ad
668 1425 776 1490 regem
803 1403 948 1489 pertinet
978 1400 1133 1467 ordinare
1158 1400 1201 1466 de
1227 1422 1331 1467 sacer·

264 1505 396 1570 dotibus
424 1512 457 1571 et
488 1506 654 1592 episcopis,
687 1506 772 1570 sicut
802 1505 950 1570 fecerunt
979 1525 1072 1590 reges
1103 1502 1267 1569 Salomon
1297 1509 1330 1568 et

262 1607 431 1695 Josaphat.

309 1715 337 1775 8.
362 1711 449 1777 Item
480 1710 569 1795 quod
590 1710 673 1775 illud
695 1709 877 1798 capitulum
900 1706 1033 1775 Nullus
1056 1705 1256 1794 judicium,
1288 1709 1328 1774 de

265 1813 349 1879 Foro
400 1812 630 1899 Competenti,¹
670 1836 728 1900 pcr
765 1813 854 1899 quod
899 1811 1116 1900 prohibentur
1167 1812 1328 1877 seculares

259 1917 387 2001 judices
436 1915 579 2003 aliquem
627 1916 778 1982 clericum
816 1915 938 2001 absque
975 1913 1134 1978 mandato
1186 1913 1327 2001 episcopi

264 2017 487 2094 condemnare,
520 2024 571 2083 est
600 2019 774 2084 manifeste
804 2022 918 2083 contra
948 2016 1154 2103 Scriptorum
1194 2038 1328 2094 sacram,

265 2142 339 2205 quae
365 2120 509 2185 ostendit
536 2142 627 2207 reges
653 2121 806 2188 habuisse
835 2125 1035 2208 potestatem
1065 2140 1165 2205 super
1197 2118 1327 2184 clericos

264 2227 298 2286 et
322 2221 539 2306 presbyteros,
566 2224 609 2287 ad
635 2222 838 2310 punIendum
864 2245 923 2308 pro
950 2221 1016 2287 suis
1040 2220 1245 2286 criminibus

308 2326 336 2389 9.
362 2323 449 2388 Item
480 2324 568 2409 quod
599 2325 656 2389 illa
686 2326 741 2390 Iex
772 2323 933 2389 Bonifacii
955 2322 1054 2387 VIII.
1071 2322 1114 2387 de
1145 2322 1263 2388 Poenis
1291 2322 1325 2387 iu

265 2424 378 2503 Sexto,
411 2448 479 2512 cap.
522 2425 674 2504 Felicis‚2
704 2428 795 2493 edita
832 2433 946 2492 eontra
983 2431 1219 2513 persecutores,
1258 2448 1327 2513 per-

264 2550 415 2606 cussores,
468 2535 502 2594 ct
539 2529 759 2614 captivatores
797 2528 1021 2605 cardinalium,
1062 2534 1113 2593 est
1160 2528 1327 2594 contraria

264 2630 441 2718 Scripturas
468 2654 567 2697 sacrae
594 2653 632 2696 ac
658 2633 787 2697 rationi

308 2738 357 2799 10.
383 2733 470 2799 Item
493 2735 581 2818 quod
604 2735 644 2799 de
668 2734 738 2821 lege
761 2735 876 2799 divino
898 2755 955 2821 per
978 2733 1151 2810 rationem,
1169 2731 1325 2799 secularis

262 2836 415 2902 dominus
452 2842 561 2923 potest
591 2837 737 2923 legitime
768 2859 881 2924 capere
912 2858 1015 2901 unum
1046 2836 1261 2915 cardinalem,
1293 2842 1326 2902 ct

264 2939 464 3005 incarcerare
497 2962 556 3025 pro
591 2946 706 3026 aperta
737 2941 885 3018 simonia,
910 2939 1080 3018 adulterio,
1121 2945 1158 3004 et
1209 2945 1327 3026 aperta

261 3040 470 3130 blasphemia

182 3224 186 3231 ι
308 3149 357 3210 ll.
383 3145 470 3210 Item
501 3144 589 3230 qued
619 3145 702 3211 illud
732 3145 912 3233 capitulum
949 3142 991 3211 Si
1017 3165 1126 3231 popu,
1161 3143 1237 3210 dist
1272 3149 1324 3222 40,

260 3249 349 3332 quod
372 3248 452 3312 dicit
474 3249 563 3331 quod
584 3270 671 3334 papa
693 3271 714 3312 a
736 3249 867 3314 nemine
886 3246 1029 3332 judicari
1058 3246 1167 3322 debet,
1193 3247 1260 3311 nisi
1283 3249 1328 3312 sit

263 3371 283 3411 a
308 3349 372 3414 fide
400 3349 523 3427 devina,
541 3354 591 3414 est
614 3356 728 3415 contra
754 3350 962 3437 evangelium
986 3349 1104 3425 dicere,
1135 3348 1181 3415 Sl
1208 3372 1327 3436 precar-

265 3449 351 3516 cerit
377 3449 421 3516 e‘u
452 3458 481 3517 te
501 3452 616 3538 secter
639 3459 722 3518 tuus
746 3451 900 3538 corripe.³

307 3556 355 3616 12.
382 3552 468 3617 Item
507 3555 595 3638 qued
632 3576 706 3619 cum
744 3555 780 3619 B.
821 3553 996 3640 Gregorius
1034 3558 1069 3618 ct
1107 3552 1323 3640 Augustinus

259 3661 460 3720 vomuerunt
484 3678 518 3720 se
542 3679 652 3722 servos
679 3679 856 3734 seruorum,
873 3658 935 3721 iste
962 3656 1121 3740 superbus
1148 3657 1321 3744 episcopus

227 3748 229 3752 ⁸
261 3755 383 3833 Romen,
416 3757 471 3841 qui
502 3780 568 3821 uun
598 3759 673 3822 vult
697 3759 840 3844 judicari
878 3780 936 3845 per
965 3757 1115 3822 subditos
1146 3782 1233 3836 suos
1266 3760 1323 3845 qui

260 3865 338 3923 sunt
368 3860 527 3924 veraciter
553 3860 678 3924 domiui
703 3860 771 3945 ejus
798 3861 929 3944 quande
956 3865 1034 3923 suut
1053 3859 1149 3944 justI,
1178 3861 1320 3926 destruit

260 3960 407 4024 ordinem
431 3961 510 4046 legis
534 3961 665 4038 divinae,
683 3968 717 4026 et
731 3961 940 4040 humilitatis,
957 3965 991 4025 et
1007 3961 1139 4027 extoIIIt
1162 3983 1198 4027 se
1223 3985 1321 4050 supra

260 4061 368 4127 Deum
384 4068 418 4127 et
433 4061 503 4148 ejus
518 4063 686 4148 apostolos.

674 4302 1307 4314 ...nu-ma*

293 4477 299 4506 ¹
313 4476 412 4528 Decret.
430 4477 507 4543 Greg.
525 4476 572 4527 IX.
589 4477 632 4530 lib.
646 4494 673 4529 u.
689 4478 727 4530 tlt.
737 4486 761 4541 2,
843 4480 945 4546 ²Sexti,
954 4479 1053 4531 θεοὶ-εί.
1065 4479 1108 4530 lib.
1125 4493 1168 4531 111.
1183 4480 1221 4533 tit.
1239 4488 1282 4543 20,
1293 4482 1322 4533 de

258 4571 311 4621 cop.
322 4563 345 4606 2.
811 4558 946 4620 Canobus,-
965 4569 1011 4610 not
1020 4559 1050 4610 dc
1062 4559 1155 4623 Poenr's,
1168 4576 1196 4612 u
1208 4562 1237 4613 in
1249 4571 1311 4615 text

842 4640 852 4668 ²
869 4639 942 4690 Luke
954 4639 1017 4691 xvii.
1029 4644 1053 4690 8.
