3008 5490
240 702 287 769 36
554 712 734 763 rasclcmn
755 712 983 763 zuauroauu.

239 919 435 984 quocunque
463 902 610 983 tempore
636 898 683 963 sio
714 898 918 984 significant3
949 903 983 964 et
1004 903 1111 964 cetera
1139 898 1286 964 admittit

238 1021 408 1086 quousque
431 1021 473 1064 ex
496 1001 613 1064 ultimo
637 1006 850 1086 consequente
876 1000 1015 1065 infertur
1038 1001 1126 1086 quod
1148 1001 1177 1065 si
1196 1001 1287 1065 Deus

239 1123 327 1167 nuno
349 1101 498 1167 intuetur
517 1123 549 1177 a,
564 1123 652 1166 nuno
671 1123 695 1166 o
717 1107 785 1166 est:
809 1102 856 1166 ibi
879 1103 1018 1166 miratur
1043 1124 1087 1167 ex
1110 1123 1174 1188 quo
1196 1101 1286 1167 fonte

238 1208 406 1269 emanaret
431 1204 496 1267 ista
519 1204 756 1288 consequentia
802 1203 868 1268 Sed
896 1226 956 1289 pro
979 1209 1067 1269 certo
1091 1225 1151 1290 ego
1179 1203 1287 1268 neseio

238 1325 281 1369 ex
296 1326 362 1390 quo
382 1305 473 1370 fonte
496 1305 647 1368 veritatis
671 1309 859 1384 emanaret3
882 1306 976 1370 eredo
1000 1310 1110 1370 tamen
1130 1327 1183 1370 me
1205 1305 1287 1370 scire

237 1407 327 1491 quod
353 1429 395 1472 ex
418 1406 579 1494 positione
604 1405 756 1493 Magistri
786 1407 851 1471 mei
880 1407 1028 1492 sequitur
1055 1408 1153 1471 istam
1179 1427 1288 1473 eonse-

235 1509 405 1592 quentiam
429 1529 497 1573 eme
523 1507 651 1572 bonam
695 1507 751 1573 Ad
770 1508 859 1593 quod
879 1509 1085 1594 probandum
1107 1508 1154 1573 sio
1174 1529 1285 1594 arguo,

234 1609 366 1695 signata
389 1615 478 1675 certa
499 1613 648 1674 ereatura
673 1610 826 1695 praesenti
846 1632 905 1696 per
926 1632 959 1676 a.
1005 1609 1084 1675 Istae
1109 1614 1188 1674 sunt
1212 1610 1286 1675 duae

235 1712 387 1777 veritatis
408 1733 571 1787 oannem,
589 1710 679 1776 Deus
693 1711 841 1776 intuetur
861 1733 892 1788 a,
909 1716 944 1777 et
957 1733 980 1777 a
994 1717 1065 1790 est3
1087 1712 1166 1798 quia
1179 1711 1286 1797 prima

234 1814 401 1878 antecedit
415 1814 458 1878 ad
471 1812 645 1877 secundam
660 1813 697 1875 in
710 1814 941 1898 oonsequentia
954 1813 1093 1892 formali,
1108 1812 1286 1878 seeundum

236 1913 434 2000 Magistrum
463 1935 600 1992 meum;
630 1936 709 2000 ergo
738 1936 799 2000 pro
828 1915 918 1978 omni
945 1936 1097 1978 mensura
1122 1918 1287 2000 repugnat

233 2015 375 2100 primam
405 2015 580 2079 veritatem
610 2036 689 2094 esse,
719 2019 754 2080 et
783 2037 843 2101 pro
872 2015 985 2080 eadem
1014 2014 1188 2080 secundnm
1217 2035 1286 2079 non

233 2136 321 2193 esse3
344 2122 379 2180 et
399 2137 458 2202 per
472 2136 671 2200 consequens
692 2138 753 2202 pro
772 2138 924 2180 mensura
944 2117 1112 2202 praesentis
1131 2116 1286 2180 instantis

232 2222 396 2302 repugnat
419 2215 503 2280 hano
522 2217 697 2281 veritatem
717 2239 793 2297 esee,
810 2216 900 2282 Deus
919 2218 1067 2282 intuetur
1088 2239 1119 2292 a,
1141 2217 1206 2281 nisi
1226 2238 1285 2302 pro

232 2316 347 2381 eadem
361 2317 499 2381 instanti
513 2317 558 2381 sit
572 2318 635 2381 ista
649 2319 780 2394 veritas,
795 2340 820 2383 a·
834 2323 884 2383 est
897 2342 905 2396 3
927 2323 962 2383 et
980 2319 1106 2383 aestimo
1120 2318 1209 2404 quod
1223 2317 1285 2382 hoe

232 2423 340 2482 totum
356 2419 510 2483 concedet
531 2418 689 2504 Magister
704 2441 804 2484 meus
855 2418 946 2483 Tunc
959 2420 1048 2483 ultra
1061 2420 1212 2506 arguitur
1226 2419 1282 2483 sio.

232 2518 341 2599 Quam
370 2520 552 2585 formaliter
579 2519 650 2584 haee
674 2521 805 2596 veritas,
833 2520 923 2584 Deus
952 2521 1100 2585 intuetur
1120 2542 1153 2597 o,
1184 2519 1285 2585 infert

230 2622 329 2686 istam
353 2623 536 2698 veritatem,
561 2643 583 2686 o
608 2627 679 2700 est3
704 2628 774 2685 tam
799 2622 987 2686 esaeutialer
1009 2622 1123 2686 divina
1149 2622 1284 2686 intuitio

230 2732 380 2809 respectu
400 2746 421 2789 o
443 2723 650 2789 constituito
666 2745 756 2800 emm
779 2723 836 2786 sed
861 2730 995 2809 propter
1017 2723 1200 2788 illationem
1219 2722 1283 2787 ior·

230 2825 350 2889 malem
374 2826 511 2890 istanmr
537 2825 724 2897 veritatum,
750 2825 1001 2909 repugnantiam
1030 2824 1172 2888 includit
1199 2824 1283 2889 hano

230 2927 404 2991 teritateru
429 2948 516 2991 nunc
536 2947 613 3004 eme,
628 2924 719 2988 Deus
738 2925 886 2988 intuetur
908 2947 943 3002 cr,
964 2925 1029 2989 nisi
1048 2947 1136 2991 nuno
1154 2925 1199 2990 sit
1219 2925 1282 2991 ista

231 3028 364 3106 veritas
386 3052 406 3092 u
432 3036 502 3093 est:
525 3048 603 3111 ergo
626 3034 761 3111 propter
781 3025 1008 3089 habitudinem
1034 3028 1238 3091 essentialem
1262 3049 1282 3090 a

231 3142 325 3212 purte
342 3130 398 3205 rei,
420 3132 581 3214 mpugnat
597 3127 704 3190 Deum
725 3149 811 3190 nunc
826 3128 946 3190 intueri
961 3149 993 3205 a,
1005 3133 1039 3191 et
1054 3150 1142 3191 nuno
1157 3129 1244 3192 idem
1258 3149 1281 3192 o

229 3249 296 3290 non
319 3250 408 3295 eme:
433 3242 465 3292 et
488 3250 546 3312 per
569 3248 776 3311 urnsequens
797 3228 825 3290 si
848 3228 938 3292 Deus
961 3250 1049 3291 nuno
1074 3230 1224 3294 intuetur
1249 3251 1278 3302 o,

229 3349 316 3391 nuuc
337 3351 357 3392 u
383 3344 439 3392 est.

275 3431 305 3492 2‘.
329 3429 479 3493 &uiuido
504 3429 655 3514 arguitur
680 3429 723 3493 ad
753 3430 889 3494 eandem
916 3433 1179 3516 consequentiam
1206 3454 1281 3518 pro·

230 3531 372 3596 lundam
398 3533 465 3595 sie:
490 3531 580 3595 Deus
609 3552 697 3593 nune
727 3532 875 3594 intuetur
904 3555 935 3596 o.
962 3555 1040 3616 engo
1066 3555 1154 3596 nuno
1180 3556 1203 3598 a
1230 3538 1279 3598 est

231 3633 388 3697 intuitum
409 3657 428 3698 u
450 3633 542 3698 uo:
566 3645 597 3696 et
624 3631 731 3708 ultra3
754 3654 841 3695 nunc
860 3655 881 3696 u
904 3634 945 3696 ist
969 3634 1128 3697 intuitum
1151 3657 1173 3698 a
1196 3633 1275 3710 Deo,

227 3755 305 3817 ergo
328 3756 415 3797 ruruc
437 3756 457 3797 o
482 3748 540 3796 est.

272 3836 302 3897 M
328 3834 439 3897 'l'crrio
454 3834 518 3896 sic:
544 3831 634 3896 Deus
649 3854 713 3896 non
731 3834 879 3898 intuetur
893 3859 925 3901 a„
941 3837 1005 3899 nisi
1021 3839 1153 3921 quando
1168 3860 1191 3902 a
1207 3844 1256 3902 est
1269 3861 1277 3913 ;

226 3932 282 3997 ed
299 3954 385 3996 rruuc
401 3936 548 3997 irrtrrctur
561 3955 581 3994 u
597 3957 608 3999 .·
630 3955 708 4017 ergo
724 3958 809 3999 nuuc
824 3961 844 3999 u
862 3956 920 4001 est.
965 3938 1035 4001 Ista
1047 3939 1277 4024 consequentia

225 4048 272 4097 nu
295 4032 403 4100 usna:
425 4056 465 4097 ex
483 4035 681 4097 minervum
696 4058 739 4099 ex
759 4037 941 4122 hipathesi.
962 4040 1067 4124 major
1091 4046 1202 4104 autem
1227 4047 1276 4104 eat

226 4135 425 4201 innumeris:
455 4156 533 4217 crgo
559 4156 757 4218 «relinquens
780 4156 828 4202 est
855 4162 978 4202 rerum.
1025 4141 1078 4203 Rs
1102 4142 1195 4226 cujus
1220 4164 1278 4227 op·

224 4233 329 4321 purello
355 4237 504 4319 arguitur
530 4236 595 4298 sic:
629 4257 715 4300 uuuc
740 4261 761 4301 o
790 4261 856 4302 nou
879 4256 937 4303 est.
960 4260 992 4304 et
1017 4242 1109 4306 Deus
1132 4265 1199 4307 non
1225 4244 1276 4306 in·
