3158 5490
343 706 409 771 418
655 715 834 767 ruscum
857 712 1086 767 ummoauu

341 926 440 989 quom
459 903 597 989 juristis.
623 907 658 970 iu
681 905 894 971 multitudine
920 905 1058 990 eopiosa,
1083 904 1121 969 in
1143 905 1215 970 mei
1244 905 1397 973 Johauuis

341 1006 496 1071 Excaetre
524 1006 639 1079 clerici,
678 1008 799 1071 notarii
835 1007 965 1093 publici,
995 1012 1031 1071 et
1060 1007 1206 1072 testium
1244 1008 1396 1095 subscrip

172 1124 287 1177 wiuim
341 1116 449 1172 torum
475 1111 657 1194 puuseutia,
688 1110 849 1175 adductus
878 1108 943 1175 fuit
972 1109 1009 1172 in
1037 1108 1185 1174 vinculis
1218 1109 1394 1176 willelmus

172 1191 287 1309 R&
341 1207 465 1296 ll'hyte
502 1212 694 1297 mpaellamm,
732 1218 864 1298 propter
899 1211 1052 1277 haeresim
1080 1231 1144 1297 per
1184 1211 1300 1298 ipsum
1329 1220 1393 1279 teu·

173 1325 283 1403 bropght
341 1320 411 1377 lam
444 1312 536 1400 prius
576 1319 764 1393 mittitis,
795 1320 831 1381 elo
859 1312 921 1381 sub
960 1310 1113 1383 (Nomii
1156 1314 1312 1383 CUSlOCll!
1347 1315 1394 1383 (lt-

172 1407 266 1509 {m
340 1418 460 1483 tentus

173 1541 235 1592 Aul
386 1517 449 1583 Cui
480 1518 612 1603 quidem
642 1517 807 1583 Willelmo
834 1517 966 1602 Whyte,
997 1521 1078 1581 tune
1104 1514 1237 1582 ibidem
1263 1513 1393 1604 judiciu-

171 1608 287 1727 ⁰lgffi
340 1620 415 1684 liter
452 1620 615 1696 existenti,
647 1627 681 1685 et
711 1617 898 1706 proposito,¹
930 1617 1049 1704 objecti
1079 1638 1119 1682 ao
1151 1618 1238 1685 dicti
1267 1620 1391 1687 fuerunt

171 1689 303 1821 liu-ru
334 1722 534 1808 juscuuur
570 1722 700 1788 aruum
736 1721 911 1808 subscripti
947 1740 1059 1787 omnes
1093 1724 1130 1787 et
1164 1720 1302 1811 ungui
1337 1720 1390 1789 uu

170 1811 276 1861 Μ’*
338 1824 399 1890 hac
419 1848 494 1911 quoe
519 1826 669 1911 sequitur
688 1825 793 1890 forma
814 1823 996 1889 verborum

386 1926 427 1990 Iu
454 1927 518 1992 Dei
544 1928 684 2003 nomine,
712 1926 841 2009 Amou-

383 2027 454 2091 Nos
502 2027 685 2094 ll'illelmus
730 2027 940 2115 permissione
991 2026 1106 2093 diviua
1161 2027 1389 2117 Norwyoeusia

338 2129 514 2216 episeopus,
561 2140 677 2197 contra
713 2130 914 2197 Willelmum
967 2128 1101 2217 whyte,
1153 2130 1388 2219 presbyterum

337 2232 507 2298 subditum
547 2240 697 2301 nostrum
727 2256 769 2299 ex
807 2231 911 2299 officio
947 2236 1059 2299 nostro
1097 2230 1250 2310 dicimus,
1283 2256 1390 2323 propo

336 2335 454 2411 ninum,
492 2358 530 2402 ac
567 2337 630 2402 tibi
666 2335 837 2423 objicimus
882 2333 1036 2401 articulos
1076 2331 1283 2422 subscriptos
1322 2358 1389 2403 uou-

332 2436 485 2523 juuotim,
513 2446 548 2503 et
577 2439 719 2514 dixirim,
750 2460 788 2504 ao
818 2436 1000 2525 quamlibet
1028 2435 1229 2525 particulam
1269 2460 1390 2507 eorum·

336 2540 420 2615 dem,
451 2541 495 2605 ad
524 2541 642 2607 uuimae
679 2548 746 2606 tuae
785 2541 1022 2615 surrectionem,
1053 2543 1088 2605 et
1118 2559 1252 2605 omnem
1293 2541 1388 2607 alium

332 2642 417 2725 juris
460 2642 620 2719 effectum,
652 2643 710 2728 qui
747 2663 789 2707 ex
820 2642 907 2707 iufra
944 2640 1082 2727 seriptis,
1113 2640 1167 2706 vel
1199 2663 1244 2709 ex
1275 2644 1387 2733 aliquo,

338 2744 430 2831 sequi
454 2746 575 2831 potuit
597 2752 655 2811 aut
678 2743 818 2811 debebit

843 3009 870 3077 Ι.

167 3197 296 3250 ustothe
380 3179 421 3242 Iu
451 3178 565 3265 primis
603 3182 717 3242 eontra
745 3182 780 3242 te
809 3175 1018 3263 proponimus
1049 3179 1084 3242 et
1113 3175 1177 3241 tibi
1208 3176 1385 3263 objicimus

167 3265 297 3316 “mm
333 3282 420 3369 quod
451 3288 498 3358 tu,
525 3280 723 3365 jamdudum
762 3285 830 3345 tuoe
867 3278 982 3343 salutis
1022 3278 1202 3353 immemor,
1235 3280 1274 3345 in
1301 3280 1385 3345 uillis

333 3384 373 3450 <le
420 3381 651 3470 Gyllpughum,
698 3381 909 3455 Tenterdene,
947 3387 983 3445 et
1026 3378 1100 3445 aliis
1137 3382 1385 3467 quampluribus

332 3487 418 3551 infru
463 3484 627 3551 dioecesim
673 3483 941 3550 Cantuorieusem
987 3482 1132 3547 diversos
1181 3505 1315 3560 errores,
1352 3492 1385 3549 et

332 3589 470 3655 haereses
498 3586 671 3653 nonnullos
705 3585 869 3671 scripsisti,
904 3583 1048 3659 tenuisti,
1078 3584 1323 3670 dogmatiamti,
1351 3594 1385 3651 et

331 3714 438 3757 corum
465 3690 585 3779 populo
608 3690 644 3753 in
670 3688 800 3774 publioo
826 3686 1020 3773 proedioasti.
1066 3684 1113 3752 Et
1136 3685 1227 3753 iuter
1252 3694 1381 3764 ueteres,

332 3797 419 3882 quod
456 3795 492 3859 in
529 3795 731 3857 sacramento
779 3787 983 3855 eucharistim
1035 3792 1149 3853 manet
1196 3788 1382 3857 substantia

330 3901 432 3987 ponis,
462 3902 537 3985 post
566 3893 635 3980 ejus
664 3892 858 3978 oompletam
895 3888 1168 3956 consecrationem
1202 3889 1240 3956 iu
1276 3891 1382 3968 altari.

330 4026 390 4068 neo
419 4000 538 4066 desinit
568 4019 636 4063 esse
664 3995 757 4082 panis
794 3992 981 4069 materialis,
1011 3992 1069 4057 sud
1099 3996 1150 4057 est
1179 3992 1281 4059 simul
1310 4014 1381 4061 earo

332 4104 463 4178 Christi,
491 4108 525 4166 et
554 4099 647 4186 punis
673 4097 709 4161 in
732 4094 925 4169 substantia,
950 4093 1083 4180 sanguis
1113 4093 1216 4159 etiam
1248 4093 1379 4171 Christi,

330 4214 364 4271 et
382 4206 496 4270 vinum
517 4223 583 4267 non
600 4197 941 4265 tmusubstantiotum.

375 4306 480 4391 Super
504 4324 569 4389 quo
593 4302 725 4386 quidem
749 4297 887 4364 articulo
919 4297 1006 4361 idem
1038 4294 1224 4363 willelmus
1255 4296 1379 4385 whyte

672 4624 678 4653 ¹
687 4624 826 4692 proposito]
839 4623 968 4692 propositi,
980 4620 1036 4675 MS.
