3008 5490
223 680 296 777 lxiv
608 694 889 749 -rrrnouoorion

224 876 344 941 oannot
366 891 509 959 possess3
531 891 649 958 power,
674 869 721 955 by
736 866 834 934 God's
857 861 1058 954 permission,
1081 862 1163 947 they
1178 860 1269 925 have·

225 974 305 1039 And
330 973 473 1039 towards
498 972 566 1037 this
589 993 700 1058 power
722 971 780 1036 the
804 970 889 1054 duty
909 967 950 1032 os
969 959 1035 1031 the'
1049 962 1218 1030 Christian
1243 961 1271 1025 is

224 1076 319 1141 clear.
366 1074 415 1138 As
436 1073 509 1139 God
533 1073 593 1138 bes
615 1071 793 1159 permitted
815 1069 882 1135 evil
904 1070 939 1134 in
962 1067 1019 1132 the
1041 1066 1145 1132 world
1167 1064 1204 1129 of
1222 1060 1273 1126 his

226 1177 380 1253 creation‚
405 1197 440 1241 as
468 1175 581 1241 Christ
604 1174 731 1260 obeyed
758 1171 814 1237 the
841 1171 930 1236 devil
954 1171 990 1234 in
1014 1166 1215 1252 submitting
1238 1168 1273 1228 to

226 1278 278 1343 his
303 1276 528 1364 temptatione,
553 1297 589 1340 so
613 1279 703 1340 must
726 1274 783 1340 the
811 1272 978 1339 Christian
1003 1269 1128 1336 submit
1151 1273 1187 1334 to
1218 1265 1274 1333 the

228 1379 356 1445 wicked
379 1378 574 1464 magistrate
597 1399 634 1442 or
655 1377 782 1462 bisbop.
1268 1392 1271 1396 ’

274 1490 292 1516 “
315 1480 415 1545 Unde
437 1480 474 1544 in
496 1479 631 1546 concilio
654 1482 862 1545 terraemotus
882 1477 1076 1543 damnatum
1099 1473 1164 1540 fuit
1183 1471 1276 1538 velut

232 1594 248 1620 “
272 1583 403 1650 baeresis
416 1570 507 1668 vquod
532 1582 621 1647 Dens
641 1581 791 1648 obedivit
806 1580 945 1659 diabolo,
959 1600 1028 1644 non
1044 1576 1215 1643 reoolendo
1235 1575 1276 1639 de

234 1695 251 1721 “
273 1685 339 1751 fide
359 1683 547 1771 Scripturas,
570 1683 594 1749 J
596 1705 683 1750 osuae
698 1705 730 1750 rr.
748 1687 800 1763 14,
817 1683 905 1769 quod
923 1683 1015 1748 Deus
1033 1678 1182 1746 obedivit
1203 1675 1277 1743 vooi

231 1796 248 1823 ‘⁶
272 1786 422 1864 hominis,
453 1808 512 1852 neo
542 1786 629 1872 quod
661 1785 811 1851 Christus
841 1785 989 1852 obedivit
1020 1779 1179 1857 Souriotb
1210 1797 1278 1843 non

232 1897 250 1923 “
273 1888 426 1954 obstante
449 1889 538 1973 quod
559 1888 656 1952 simul
681 1887 745 1952 fuit
767 1888 859 1953 Deus
881 1891 915 1952 et
937 1886 1043 1962 hom0,
1068 1889 1103 1949 et
1127 1879 1279 1948 Scarioth

232 1997 250 2027 “
273 1996 354 2054 tunc
376 1990 441 2055 fuit
465 1989 622 2055 diabolus.
669 1990 714 2055 Et
738 1990 766 2053 si
789 1990 934 2075 fingatur
956 1986 1044 2073 quod
1066 1985 1143 2050 talis
1165 1982 1280 2047 minis-

233 2101 250 2127 “
273 2091 373 2156 tratio
398 2091 434 2154 in
460 2091 607 2156 sensibili
632 2091 725 2177 signo
751 2112 819 2155 non
845 2090 910 2155 fuit
937 2088 1126 2154 obedientia
1146 2090 1280 2172 propter

233 2191 492 2277 “majoritatem
523 2191 649 2257 Christi
676 2192 718 2256 ad
741 2191 899 2268 Scarioth,
930 2189 1091 2276 quomodo
1129 2209 1196 2252 non
1226 2186 1282 2251 de*

234 2297 457 2359 “strueretur
497 2315 556 2379 per
604 2293 688 2359 illud
730 2293 949 2379 cujuscunque
986 2290 1125 2356 virtuosi
1174 2288 1281 2376 operis

234 2401 252 2430 “
276 2394 431 2460 exercitio
473 2395 605 2481 majoris
644 2395 686 2459 ad
723 2396 892 2473 minorem,
931 2393 1040 2480 quoad
1076 2393 1206 2470 Deum;
1242 2395 1282 2455 et

234 2503 253 2533 “
275 2519 350 2562 oum
389 2496 561 2582 ignoratur
592 2497 711 2561 rariter
745 2497 802 2562 sed
848 2497 910 2582 [rd.
941 2496 985 2582 si]
1031 2495 1186 2580 praelatus
1227 2492 1282 2558 vel

235 2597 427 2663 “subditus
453 2598 557 2685 major
581 2598 645 2663 fuit
668 2600 775 2684 quoad
804 2599 921 2678 Deum,
944 2597 1055 2663 nullus
1078 2596 1184 2672 debet,
1206 2595 1283 2659 sub

234 2706 253 2736 “
275 2700 376 2767 dueta
405 2700 612 2777 revelatione,
650 2700 780 2766 obedire
811 2700 985 2786 temporali
1025 2698 1172 2785 praelato,
1208 2719 1283 2763 oum

236 2808 253 2838 “
276 2802 406 2889 ignorat
439 2802 467 2867 si
497 2803 595 2868 debet
633 2803 679 2866 sio
718 2803 822 2868 faeere
854 2801 956 2887 juxta
992 2800 1084 2866 illam
1121 2800 1283 2866 fictitiam.

236 2910 254 2939 ‘⁴
278 2903 439 2969 Similiter
454 2903 604 2970 Christus
625 2904 690 2968 fuit
704 2925 818 2991 passus
833 2910 867 2968 et
889 2907 1039 2968 tentatus
1053 2925 1075 2966 a
1089 2902 1227 2980 diabole,
1244 2906 1285 2966 ut

238 3010 256 3040 “
278 3003 371 3091 patet
395 3005 490 3070 Mett.
516 3023 570 3071 1v:
596 3027 696 3091 quare
719 3026 796 3091 ergo
819 3005 969 3069 nonsibi
992 3005 1184 3070 humanitus
1209 3003 1286 3068 obe-

238 3114 255 3142 “
279 3107 387 3172 divitt
432 3106 465 3170 N
468 3129 510 3172 on
533 3108 620 3173 enim
642 3109 797 3193 sequitur,
823 3107 851 3171 si
876 3107 1028 3172 Christus
1051 3107 1187 3193 negavit
1209 3106 1286 3170 edo-

238 3217 257 3243 “
278 3229 350 3273 rere
371 3207 469 3272 latria
497 3208 605 3294 ipsum
629 3208 803 3286 diabolum,
827 3213 907 3273 tunc
930 3209 1065 3295 negavit
1087 3209 1151 3273 sibi
1171 3209 1208 3271 in
1228 3208 1287 3272 ali-

238 3318 255 3344 “
278 3330 344 3393 quo
374 3309 504 3374 obedire
516 3333 524 3388 ;
557 3310 635 3395 quia
656 3309 756 3396 juxta
786 3310 847 3375 hoo
873 3311 965 3375 nulla
991 3310 1076 3375 foret
1099 3310 1288 3375 obedientia

240 3420 257 3444 “
281 3409 401 3474 nostris
416 3411 601 3497 praepositis
612 3412 768 3488 facienda,
786 3434 860 3478 eum
876 3413 973 3478 latria
987 3413 1032 3477 sit
1046 3413 1111 3478 illis
1126 3413 1286 3499 neganda.

241 3518 258 3545 “
283 3509 322 3574 ln
347 3510 408 3576 hoe
431 3533 507 3598 ergo
534 3514 622 3598 quod
649 3514 799 3579 Christus
821 3515 970 3600 permisit
992 3536 1026 3579 se
1050 3515 1096 3580 sio
1120 3515 1245 3579 differri
1268 3538 1289 3579 a

241 3618 259 3647 ⁴‘
283 3610 419 3690 diabolo,
442 3614 519 3679 feeit
542 3615 606 3679 sibi
626 3615 782 3700 majorem
809 3615 1029 3682 obedientiam
1045 3616 1098 3681 vel
1119 3617 1290 3680 humilita-

243 3719 350 3779 “tem
374 3736 473 3798 quem
495 3716 659 3802 subjectus
693 3718 869 3783 monachus
893 3717 971 3783 facit
997 3740 1056 3784 suo
1080 3718 1195 3784 abbati
1219 3720 1290 3783 sive

243 3821 262 3849 ‘⁴
285 3816 472 3901 preeposito.
520 3817 671 3883 Christus
698 3819 786 3884 enim
811 3841 878 3885 non
904 3820 1010 3885 solum
1035 3821 1183 3886 obedivit
1207 3820 1288 3898 Deo,

244 3922 262 3950 “
286 3916 370 3981 sieut
396 3938 455 3982 neo
473 3918 536 3982 sibi
559 3920 760 3986 solummodo
784 3923 994 4003 ministravit,
1020 3945 1094 3988 cum
1115 3924 1289 4009 apostolus,

246 4026 263 4051 “
285 4016 372 4082 Dico
394 4025 509 4085 autem
524 4020 646 4086 Jeeum
670 4020 848 4089 Christum
871 4024 1079 4091 mirrietrum
1095 4025 1210 4110 fuisso
1226 4025 1293 4090 eir·-

246 4125 263 4153 “
287 4118 528 4186 eomoiee'onie.¹
576 4123 694 4188 Melius
710 4125 813 4210 igitur
827 4127 942 4192 fuisset
956 4127 1008 4192 bis
1024 4128 1293 4194 damnationibus

246 4221 463 4287 “decrevisse
497 4224 716 4310 quidditatem
746 4231 940 4295 sacramenti
971 4231 1183 4309 eucharistia,
1219 4255 1292 4296 eum

286 4422 536 4431 ---—-—.-.--—...*
544 4425 604 4432 —-—
611 4426 714 4434 μα...-
724 4428 801 4435 -—-—
808 4430 941 4438 -.-.....,.,

677 4577 683 4608 ¹
697 4579 769 4631 Rom.
782 4597 825 4632 xv.
837 4580 860 4634 8.·
