3158 5490
261 720 327 783 324
573 729 752 781 rsscrousr
775 725 1001 777 zrmuiosmr

260 939 358 996 sonae,
394 937 493 1001 quam
539 915 705 1003 generales
752 913 914 980 orationes
960 909 1159 998 applieatae¹
1199 910 1312 985 eidem,

260 1020 374 1086 ceteris
396 1018 535 1105 paribus

305 1118 524 1205 Intelligendo
559 1117 797 1183 conclusionem
821 1114 1052 1181 universaliter
1083 1114 1251 1200 negative,
1281 1118 1313 1177 et

260 1243 318 1307 per
339 1220 490 1307 speciales
513 1220 682 1297 orationes,
707 1219 869 1283 orationes
890 1217 994 1281 factas
1014 1237 1056 1280 ex
1079 1215 1216 1301 speciali
1235 1214 1313 1280 eari-

260 1328 338 1398 tote,
371 1328 405 1386 et
430 1320 604 1406 generales,
636 1342 678 1385 ex
704 1319 864 1405 generali:
891 1322 971 1383 tunc
992 1317 1036 1381 ad
1059 1316 1151 1381 hunc
1175 1337 1311 1393 sensum,

261 1423 349 1507 quod
386 1423 485 1488 nullas
522 1421 605 1486 tales
647 1423 809 1485 orationes
848 1418 1001 1506 speciales
1036 1418 1217 1504 applieatae
1256 1416 1312 1483 uni

261 1546 405 1610 personas
428 1545 485 1609 per
507 1523 653 1608 privatos
675 1527 819 1587 oratores
850 1520 1019 1607 specialius
1044 1526 1188 1605 prosunt
1210 1519 1312 1584 eidem

261 1648 406 1712 personae
428 1647 527 1710 quam
548 1623 714 1709 generales
743 1622 906 1687 ors-tiones
931 1621 1026 1686 lisctae
1048 1642 1110 1706 pro
1131 1621 1259 1698 eadem,
1281 1625 1313 1684 et

261 1729 304 1793 ab
326 1728 469 1792 eisdem:
493 1725 697 1791 concedimus
719 1724 808 1808 quod
829 1729 880 1788 est
902 1743 996 1788 error.

755 1942 830 2008 XX

308 2087 422 2167 Qu0d²
459 2090 625 2156 conferens
659 2091 897 2176 eleemosynam
930 2088 1097 2165 fratribus,
1130 2086 1187 2154 vel
1222 2085 1315 2152 fratri

262 2190 461 2273 paedicanti,
485 2197 535 2256 est
558 2193 862 2266 excommunicatus,
887 2197 921 2256 ct
943 2191 1110 2276 recipiens

308 2290 527 2376 Intelligendo
568 2292 658 2356 illam
693 2293 928 2369 universaliter,
954 2291 1007 2356 vcl
1037 2290 1313 2362 conditionaliter,

262 2395 301 2455 ut
322 2391 514 2475 predictum
538 2399 608 2457 cst:
633 2394 837 2458 concedimus
859 2393 948 2479 quod
970 2398 1020 2457 est
1042 2414 1141 2459 error.

748 2637 842 2701 XXI.

308 2782 404 2861 Quod
435 2804 472 2845 eo
512 2782 581 2867 ipso
619 2782 707 2865 quo'd
744 2782 863 2866 aliquis
900 2781 1083 2867 ingreditur
1121 2781 1315 2867 religionem

261 2883 425 2966 privatam
456 2904 688 2967 quamcunque,
721 2882 869 2947 redditur
899 2883 1040 2967 ineptior
1070 2886 1105 2946 et
1137 2880 1317 2946 inhabilior

261 2984 304 3046 ad
327 2984 566 3048 observantiam
590 2984 819 3048 mandatomm
844 2984 913 3047 Dei.

307 3084 519 3149 Concedimus
542 3084 630 3170 quod
652 3090 702 3150 est
724 3106 820 3149 error.

732 3309 846 3376 XXII.

306 3456 403 3537 Quod
439 3458 544 3523 sancti
581 3457 792 3523 instituentes
825 3456 997 3543 religiones
1029 3455 1180 3540 privatas
1218 3478 1314 3543 quas-

260 3579 394 3643 cunque,
422 3564 491 3623 tam
515 3559 832 3644 possessionatornm,
856 3580 954 3644 quom
980 3556 1252 3634 mendicantium,
1279 3559 1313 3622 in

260 3660 305 3723 sic
328 3659 531 3724 instituendo
554 3666 776 3746 peccaverunt

307 3760 524 3846 Intelligendo
561 3761 652 3824 illam
691 3760 933 3846 reduplicative‚
966 3759 1019 3824 vel
1057 3759 1310 3825 univcrsaIIter:

260 3863 464 3926 concedimus
494 3863 581 3946 quod
619 3868 668 3927 est
705 3883 802 3937 error,
837 3859 880 3924 cd
921 3860 1007 3924 hunc
1045 3881 1188 3937 sensum,
1225 3860 1312 3945 qued

259 3963 446 4048 quicunque
484 3964 588 4028 sancti
627 3963 837 4027 instituentes
870 3961 1041 4046 religiones
1075 3963 1225 4046 privatos
1252 3970 1310 4027 etc

259 4083 301 4124 ex
332 4062 399 4140 hoc,
431 4064 484 4129 vel
514 4065 575 4128 sub
605 4064 732 4129 ratione
771 4085 837 4148 qua
866 4062 1051 4148 hujusmodi
1082 4063 1309 4138 instituerunt

259 4173 480 4248 procreverunt

291 4587 297 4616 ¹
310 4583 454 4653 auseae]
467 4584 758 4650 sustulissem.
773 4587 780 4656 ι
841 4589 852 4619 ¹
866 4586 1261 4654 ouqonn,wuk.,spe12
