3008 5490
99 737 144 803 90
411 746 592 801 Ε’ΔΒΟῙΟΠΗ
614 746 841 804 maurosum

100 943 190 1003 certe
226 936 403 1002 secundum
441 957 509 1001 esse
546 958 643 1002 suum
680 937 923 1004 nobilissimum
961 938 1026 1006 sitl
1058 941 1169 1027 prima

99 1038 229 1115 veritos,
246 1039 347 1104 immo
370 1043 404 1103 et
427 1038 582 1124 perfectio
605 1040 753 1105 omnium
767 1041 961 1121 veritatum,
978 1045 1164 1110 secundum

101 1141 306 1228 Magistrum,
334 1140 484 1226 quemvis
515 1163 575 1228 ego
606 1146 740 1207 tentum
767 1165 822 1209 ees
847 1146 1164 1214 commendaverim.

102 1244 147 1310 Et
163 1244 209 1310 sic
223 1249 315 1331 petet
330 1242 411 1328 quid
425 1242 461 1306 in
476 1243 537 1309 hoo
551 1243 658 1310 sentio
674 1244 856 1312 dicendum

7 1344 64 1400 ·'·
145 1346 211 1411 ΙΙΙ.
235 1345 345 1412 Tertio
375 1344 412 1409 in
442 1345 554 1412 eodem
584 1346 695 1434 arguit
724 1347 850 1414 Doctor
879 1348 934 1415 sie
982 1348 1071 1417 Oum
1097 1350 1162 1417 im·

99 1449 251 1538 possibile
265 1449 310 1516 sit
324 1446 449 1535 aliquid
475 1469 543 1515 esse
565 1470 706 1534 praesens
728 1449 799 1515 sine
821 1450 1000 1536 praesentia
1023 1475 1161 1540 propor-

101 1553 226 1635 tionali,
257 1559 291 1618 et
321 1556 391 1617 tem
422 1572 517 1616 omne
554 1551 643 1636 quod
680 1556 789 1638 potest
821 1575 898 1632 esse,
930 1577 1033 1640 quum
1064 1577 1163 1622 omne

101 1656 190 1743 quod
211 1679 279 1722 non
302 1659 410 1743 potest
433 1675 510 1734 esse,
525 1653 570 1718 sit
591 1673 756 1741 proesens3
778 1655 930 1740 sequitur
944 1657 1037 1742 quod
1051 1659 1161 1725 omnis

100 1759 178 1825 talis
216 1763 266 1824 est
302 1755 552 1846 proportionalis
588 1755 783 1842 praesentim
821 1779 864 1823 ex
901 1779 968 1845 quo
1006 1759 1161 1845 sequitur

100 1862 189 1926 ultro
203 1885 278 1927 oum
293 1859 386 1937 veris,
404 1858 492 1943 quod
506 1857 628 1943 ubique
651 1858 695 1922 sit
710 1859 884 1944 praesentio
898 1859 996 1924 vacui
1011 1859 1139 1927 infiniti
1151 1885 1160 1942 ;

100 1963 184 2028 sicut
220 1963 310 2028 Deus
340 1962 462 2047 ubique
492 1961 585 2026 videt
626 1960 876 2046 praesentialiter
905 1984 1049 2027 vacuum
1087 1964 1163 2029 infi-

101 2064 216 2129 nitum.
263 2065 307 2130 Et
337 2085 412 2128 cum
449 2062 553 2127 omnis
591 2061 667 2127 telis
704 2061 869 2148 objectiva
905 2064 1084 2150 praesentis
1113 2066 1160 2132 sit

101 2187 194 2250 reque
232 2171 368 2230 extense
410 2164 494 2228 siout
532 2164 616 2244 elis3
661 2164 810 2252 sequitur
851 2166 938 2251 quod
979 2165 1157 2251 cujuslibet

101 2272 259 2333 creeturse
295 2265 468 2354 praesentia
508 2265 553 2330 sit
598 2288 691 2353 seque
728 2272 865 2332 extense
900 2273 940 2332 ut
978 2271 1158 2355 praesentis

101 2369 196 2434 vacui
208 2393 217 2450 ;
240 2375 273 2434 et
297 2370 354 2434 illu
379 2367 569 2435 suadebitur
595 2391 663 2434 esse
689 2368 856 2449 immense,
881 2391 957 2456 ergo
984 2376 1019 2435 et
1046 2370 1157 2457 cujus·

101 2471 182 2537 libet
220 2478 375 2538 creeturae
410 2470 585 2557 prementia
621 2469 790 2555 objectiva„
854 2470 1079 2538 confirmetur
1114 2495 1157 2539 ex

101 2574 162 2641 hoc
177 2576 264 2661 quod
288 2575 378 2640 Deus
400 2572 564 2659 intelligit,
581 2578 615 2638 et
630 2594 688 2659 per·
701 2593 900 2657 consequens
914 2574 1008 2640 videt
1023 2597 1155 2641 ornnem

101 2700 169 2742 rem
194 2700 262 2744 esse
286 2678 322 2742 in
345 2699 449 2743 vacuo
479 2675 632 2754 infinito;
665 2696 740 2761 ergo
771 2696 900 2741 omnem
931 2697 1000 2740 rem
1025 2699 1096 2743 esse
1119 2679 1155 2743 in

100 2803 204 2847 vacuo
233 2781 365 2847 infinito
403 2786 453 2844 est
491 2799 631 2863 praesens
669 2777 760 2857 De03
799 2784 833 2841 et
863 2799 920 2863 per
953 2800 1155 2865 consequens

101 2885 206 2951 omnis
235 2906 287 2951 res
317 2888 366 2949 est
395 2902 534 2970 premens
564 2880 601 2944 in
622 2900 726 2945 vacuo
755 2879 895 2944 infinito.
943 2880 1155 2967 Consequens

102 2987 348 3073 improbabitur,
380 2992 419 3050 ut
457 2984 537 3049 dicit
575 2982 705 3059 Doctor,
741 2981 777 3045 in
814 2983 988 3067 presentie
1019 2983 1155 3052 Divinae

103 3089 293 3175 Mujestutis.

155 3190 219 3257 Pro
250 3193 313 3257 isto
343 3195 536 3277 argumento
565 3187 601 3252 in
630 3185 801 3274 principali
832 3187 970 3253 concedo
999 3187 1153 3256 ultimam

101 3293 337 3357 conclusionem
363 3295 406 3358 od
432 3314 531 3376 quom
563 3291 743 3368 deducitur,
771 3290 900 3369 scilicet,
930 3292 1018 3375 quod
1043 3294 1153 3379 cujus·

101 3395 182 3457 libet
212 3400 368 3457 creaturae
399 3393 572 3478 praesentin
605 3390 780 3477 objectivn²
807 3398 857 3457 est
884 3393 1049 3472 immensa,
1079 3419 1154 3461 curn

100 3496 144 3560 sit
174 3495 244 3581 ipse
273 3495 394 3559 notitia
424 3494 560 3575 divina3
598 3517 656 3559 nec
686 3494 746 3560 hoo
776 3495 980 3579 improbetur
1006 3496 1042 3559 in
1069 3520 1153 3583 pree·

101 3599 207 3663 sentin
222 3597 355 3662 Divinae
373 3596 565 3682 Mejestatis‚
581 3596 635 3661 vel
650 3597 737 3661 alibi.

145 3702 236 3766 Tune
272 3700 407 3763 ulterius
445 3700 487 3765 nd
525 3698 812 3775 confirmationem,
845 3700 976 3784 quando
1013 3703 1152 3768 assumit

101 3804 224 3868 Doctor
255 3800 342 3887 quod
372 3798 462 3866 Deus
491 3801 583 3865 videt
622 3824 750 3866 omnem
780 3823 849 3865 rem
880 3824 949 3866 esse
979 3803 1015 3866 in
1045 3827 1150 3871 vacuo

100 3905 237 3984 infinito,
254 3904 420 3989 supposito
444 3903 658 3990 possibilitate
674 3904 778 3981 vacui,
805 3905 889 3968 siout
913 3905 1011 3969 multi
1038 3930 1151 3972 conee-

100 4008 183 4071 dunt
221 4013 254 4072 et
293 4030 351 4094 ego
389 4008 529 4072 libenter
566 4006 714 4085 admitte,
747 4005 914 4093 distinguo
945 4008 985 4071 de
1015 4009 1148 4075 visione.

101 4109 259 4187 Quemvis
274 4109 361 4174 enim
382 4111 484 4195 aliqui
508 4110 618 4175 (ficunt
644 4107 732 4193 quod
760 4108 848 4172 Deus
875 4109 958 4172 nihil
985 4112 1150 4195 cognoscit

99 4210 162 4276 nisi
188 4211 292 4278 solum
316 4212 525 4301 incomplexe,
549 4235 608 4301 ego
634 4219 747 4277 tamen
770 4211 876 4279 sentio
902 4212 1097 4299 oppositum,
1116 4219 1149 4278 et

1041 4458 1148 4468 ..-........

132 4620 138 4650 ¹
151 4616 197 4684 sit]
209 4616 252 4679 sic,
260 4607 316 4668 MS.
326 4635 332 4676 ;
344 4610 389 4666 but
397 4612 490 4667 thecis
499 4615 598 4668 crossed
680 4614 690 4646 ²
701 4610 830 4681 objectiva]
850 4608 994 4677 subjectiva,
1006 4611 1061 4664 MS.
1096 4613 1148 4664 But

98 4697 158 4751 nith
175 4701 219 4751 red
230 4697 284 4762 ink,
295 4711 322 4749 es
333 4696 356 4748 is
363 4704 389 4749 to
400 4703 495 4748 correct
506 4695 532 4748 it
648 4710 688 4746 see
699 4695 741 4746 the
753 4695 868 4759 previous
880 4693 1027 4759 paragraph.
