3158 5490
644 783 648 788 .
667 731 933 785 mmonucnou.
1261 721 1313 791 lxi

261 912 280 937 ‘⁴
296 903 408 968 omnia
432 904 592 989 mysteria
614 904 692 970 fidei
712 906 847 972 videtur
871 905 1100 972 difficillimum
1124 904 1304 972 christiam

262 1013 281 1038 a
296 1003 458 1091 caperem

306 1106 376 1171 The
408 1107 528 1173 second
560 1108 589 1172 is
620 1109 705 1174 from
737 1109 795 1175 tbe
818 1109 954 1175 treatise
982 1107 1033 1176 De
1057 1106 1311 1188 Incarnatione²

260 1208 400 1275 written
436 1209 483 1297 by
520 1209 650 1295 Wyclil
681 1211 792 1277 before
829 1210 871 1278 he
907 1211 1040 1278 became
1073 1235 1095 1277 a
1127 1213 1241 1279 doctor
1277 1213 1316 1278 of

258 1310 475 1397 divinity:—

307 1412 423 1479 “Ideo
444 1413 526 1480 alias
541 1415 613 1480 dixi
632 1417 721 1502 quod
743 1413 842 1481 aicut⁸
856 1415 1062 1483 univocando
1084 1417 1125 1483 de
1143 1416 1309 1484 aocidente

261 1522 281 1548 ‘⁴
296 1516 487 1601 respective,
510 1517 692 1603 cujusmodi
722 1523 803 1584 sunt
828 1518 954 1598 relatio,
981 1519 1077 1596 actio,
1100 1521 1216 1606 passio,
1239 1526 1308 1598 etc,

260 1622 280 1651 ‘⁴
296 1616 425 1682 nullum
452 1640 565 1684 eorum
598 1620 721 1707 poterit
747 1641 825 1698 esse,
850 1620 915 1686 nisi
947 1620 1029 1686 insit
1055 1621 1242 1687 substantia
1271 1626 1311 1686 ut

260 1727 278 1752 “
293 1717 444 1805 subjecto
458 1746 465 1800 ;
487 1721 534 1786 sie
548 1743 608 1788 nec
622 1721 765 1807 qualitas
787 1743 848 1787 nec
863 1722 1043 1807 quantitas,
1059 1744 1133 1796 cum
1155 1723 1223 1787 sint
1238 1723 1311 1787 uni-

259 1827 377 1886 “voce
398 1823 580 1889 assidentia
601 1823 687 1889 sicut
709 1823 776 1888 illa
822 1824 873 1887 De
900 1824 1060 1909 qualitate
1091 1824 1254 1890 consentit
1277 1822 1309 1889 S.

259 1926 278 1955 “
295 1921 437 1988 Thomas
452 1924 540 2010 quod
562 1923 619 1990 illa
637 1946 705 1990 non
720 1929 911 2011 potestesse
926 1924 991 1991 nisi
1006 1924 1088 1990 insit
1104 1923 1310 2011 quantitati,⁴

260 2029 331 2088 “et
361 2026 402 2090 de
433 2027 621 2111 quantitate
652 2031 703 2092 est
731 2027 814 2091 mihi
844 2026 1039 2103 evidentius,
1063 2027 1206 2092 sumsit
1234 2027 1310 2092 sub-

258 2131 275 2159 “
291 2127 452 2192 stantiam
466 2150 535 2194 esse
559 2133 729 2214 quantum,
745 2133 781 2194 et
801 2150 869 2193 non
883 2132 995 2215 potest
1021 2133 1194 2214 expectare
1222 2150 1309 2194 rare-

258 2233 277 2263 “
292 2227 479 2309 factionem,
506 2230 801 2309 condennationem,
825 2236 861 2295 et
875 2237 999 2297 ceteras
1019 2231 1219 2296 mutationes
1235 2253 1309 2317 quae

259 2338 277 2363 “
292 2330 330 2394 in
344 2330 519 2398 benedicta
538 2332 735 2398 eucharistia
750 2333 925 2397 oculariter
940 2332 1178 2418 exprimuntur.
1218 2332 1307 2408 Ideo,

257 2439 276 2467 “
292 2437 332 2496 ut
355 2433 436 2499 alias
468 2435 657 2513 dixissset
687 2435 788 2499 nimis
810 2456 932 2521 magna
956 2455 1069 2498 sensus
1095 2434 1214 2511 illusio,
1242 2434 1308 2499 nisi

259 2542 277 2566 “
294 2541 380 2601 esset
401 2536 437 2600 in
452 2536 650 2602 eucharistia
675 2558 779 2601 unum
801 2542 964 2621 quantum
989 2535 1208 2601 diversimode
1230 2558 1310 2622 qua·

258 2643 277 2671 “
292 2637 462 2718 lificatum,
485 2643 521 2704 et
542 2638 791 2717 accidentatum,
819 2659 857 2702 ac
884 2636 1012 2703 mobile.
1059 2637 1104 2702 Et
1128 2636 1212 2701 illud
1234 2638 1309 2703 sub-

258 2746 277 2776 “
287 2739 407 2825 jicitur
420 2741 611 2826 quantitati,
627 2740 792 2826 qualitati,
815 2744 850 2805 et
864 2739 979 2805 ceteris
994 2738 1219 2804 accidentibus
1235 2760 1309 2824 quae

261 2851 280 2877 “
295 2842 454 2908 videmus
552 2888 554 2891 -
615 2859 618 2865 ’
693 2861 695 2864 ’
786 2865 788 2871 ⁴

306 2943 408 3010 “Sed
442 2945 552 3031 quoad
582 2946 798 3031 quastionem
823 2944 904 3030 quid
932 2949 990 3020 est,
1022 2943 1063 3008 de
1085 2939 1146 3007 tali
1170 2940 1311 3008 essentia

191 3110 196 3116 .
260 3055 279 3081 “
292 3068 363 3113 non
385 3047 539 3126 solicitet,
562 3047 639 3113 lieet
653 3048 722 3113 sint
737 3047 903 3133 quotlibet
919 3046 1010 3111 dicta
1033 3049 1222 3110 sanctorum
1237 3067 1310 3130 quae

261 3157 280 3184 ⁴‘
295 3154 417 3215 sonant
441 3150 529 3235 quod
558 3149 605 3215 sit
634 3150 729 3238 panis
751 3150 805 3215 vel
835 3150 962 3227 vinum,
986 3169 1059 3233 quae
1082 3146 1166 3212 forte
1189 3146 1312 3212 intelli-

259 3259 282 3288 “
295 3252 406 3339 ganda
437 3256 517 3316 sunt
543 3252 632 3338 quod
655 3251 805 3318 'essentia
827 3250 976 3339 subjecte
997 3249 1064 3315 illis
1087 3249 1311 3316 accidentibus

259 3361 279 3390 ‘⁴
293 3359 371 3441 post
400 3353 788 3420 transubstantiationem
818 3358 868 3419 est
904 3352 999 3439 panis
1035 3348 1136 3418 ante⁶
1159 3351 1311 3418 transub·

260 3463 280 3492 “
295 3456 557 3537 stantiationem,
580 3462 615 3522 et
640 3456 768 3523 virtute
793 3454 1159 3521 transubstantiationis
1190 3454 1312 3520 desinit

262 3567 279 3594 ‘⁴
294 3580 364 3624 esse
394 3559 475 3644 quid
506 3557 560 3624 vel
590 3558 786 3638 substantia,
820 3563 855 3623 et
887 3561 1000 3622 manet
1022 3556 1138 3621 eadem
1169 3555 1311 3621 essentia

260 3669 279 3698 ‘⁴
294 3661 506 3728 conformiter
536 3661 750 3726 accidentata.
809 3660 873 3724 Illa
899 3663 1009 3724 autern
1041 3680 1108 3724 uon
1130 3658 1170 3722 fit
1196 3678 1312 3743 eorpus

260 3770 279 3799 “
295 3763 429 3842 Christi,
462 3763 521 3829 sed
556 3763 598 3827 fit
634 3762 766 3849 signum
795 3760 928 3848 signans
963 3758 1058 3825 nobis
1099 3757 1312 3825 ineffabiliter

260 3864 384 3951 “quod
422 3865 465 3930 ad
503 3886 632 3931 omnem
669 3869 828 3951 punctum
865 3862 916 3927 sui
953 3863 998 3927 sit
1031 3860 1312 3927 sacramentaliter

259 3975 278 4002 ‘⁴
293 3989 411 4055 corpus
434 3966 571 4047 Christi,
603 3971 638 4032 et
668 3966 866 4032 comitanter
896 3963 1007 4029 anima
1040 3968 1075 4029 et
1105 3963 1216 4028 omnia
1246 3963 1312 4029 alia

258 4132 414 4142 ...ρο-..σο
1239 4123 1307 4134 ιιι-

293 4231 493 4296 ¹Quaumgina
537 4228 677 4289 Sermones,
704 4225 760 4278 MS.
807 4223 891 4276 reoted
901 4221 1020 4273 southa
1033 4221 1111 4273 other.
1146 4220 1201 4273 The
1213 4221 1312 4274 Orsord

259 4309 486 4371 Deuiacoootol.
499 4310 602 4368 ἥατο.
725 4308 728 4315 '
807 4307 1089 4372 tlsiuayeorrupc

292 4386 761 4455 ²0m11.MS.Denis,occnxxx1v.,
841 4385 942 4451 ἐῖσαι]
961 4385 1004 4445 sic,
1016 4385 1050 4434 V.

260 4468 463 4522 onelcoltxv.
498 4466 554 4518 The
571 4474 627 4517 text
644 4465 666 4515 is
686 4464 763 4514 taken
843 4463 920 4514 ‘Ta
942 4462 1066 4529 Aquinas,
1090 4463 1202 4524 Summa,
1229 4476 1257 4512 11.
1288 4467 1310 4521 l,

258 4549 326 4600 from
353 4549 396 4599 the
417 4548 520 4599 Vienna
530 4546 597 4606 MS,
619 4553 709 4609 except
737 4543 763 4592 in
810 4559 850 4609 qu.
863 4549 904 4602 49,
917 4551 962 4593 art.
976 4548 1000 4593 2.

260 4629 304 4680 tte
319 4643 388 4680 eam
407 4626 540 4688 indicated,
552 4625 635 4676 where
645 4624 667 4675 it
677 4624 699 4675 is
709 4638 764 4674 cor·
845 4622 940 4688 ἀνιισ]
959 4637 1024 4683 cum,
1035 4622 1069 4673 Vi
