3158 5490
566 747 745 800 rasoroonr
767 747 993 802 zrzlruoauu.
1241 736 1308 800 {355

260 936 295 999 et
326 933 502 1000 haeresibus
528 934 675 1011 resiliret,
707 936 807 1000 etad
829 934 1003 1001 veritatem
1026 936 1103 1000 fidei
1126 941 1160 1000 et
1184 940 1306 1001 sanotae

260 1037 419 1103 Romanas
450 1038 591 1104 ecelesiae
616 1039 780 1115 unitatem
811 1038 940 1117 rediret,
976 1044 1011 1104 et
1037 1038 1209 1126 praedictas
1239 1038 1305 1105 hae

260 1160 346 1205 reses
368 1139 541 1226 abjuraret.

306 1242 396 1322 Ques
433 1242 565 1328 quidem
603 1242 831 1329 requisitiones
870 1246 905 1308 et
942 1242 1138 1309 monitiones
1180 1247 1307 1309 nostras

260 1344 434 1410 admittere
479 1345 649 1423 recusavit,
695 1345 752 1410 sed
799 1343 885 1431 ipsos
937 1367 1059 1410 errores
1099 1351 1134 1411 et
1169 1345 1307 1412 haereses

260 1447 408 1532 superius
427 1447 619 1523 nominatos,
641 1468 680 1511 eo
703 1446 849 1533 amplius,
873 1446 1083 1534 pertinaaiter
1106 1448 1305 1533 praedicavit,

259 1547 430 1613 asserendo
451 1548 487 1612 in
510 1570 657 1614 sermone
679 1548 808 1636 publioo
830 1569 864 1614 se
887 1548 971 1615 velle
995 1549 1030 1613 in
1052 1549 1173 1614 eisdem
1199 1552 1305 1615 mori:

258 1671 404 1716 asserem
434 1650 573 1737 insuper,
605 1650 682 1716 lieet
713 1649 803 1730 falso,
824 1650 1003 1716 recolendae
1024 1651 1190 1717 memoriae
1204 1652 1306 1717 domi-

260 1774 341 1817 num
377 1752 553 1818 Rieardum
577 1754 742 1840 quondam
767 1752 1041 1840 arehiepiseopum
1063 1752 1305 1819 Armaohanum

260 1854 417 1941 quasdam
448 1855 614 1941 opiniones
640 1855 787 1940 superius
806 1855 959 1920 recitatas
982 1855 1132 1932 tenuisse,
1160 1861 1194 1920 et
1223 1857 1307 1943 pub·

259 1956 319 2021 lioe
350 1958 478 2022 easdem
500 1957 700 2043 praedicasse,
731 1978 769 2022 ae
798 1957 833 2021 in
864 1957 984 2022 eisdem
1006 1960 1134 2023 naturae
1157 1958 1305 2024 debitum
1368 2019 1369 2023 ,

261 2060 457 2146 persolvisse

306 2160 403 2227 Unde
441 2183 500 2226 nos
536 2161 639 2227 frater
668 2162 851 2228 Willelmus
893 2162 1059 2249 episeopus
1090 2163 1303 2248 supradictus,

260 2263 497 2350 praemissorum
528 2264 740 2329 articulorum
770 2263 923 2329 haeretios
953 2263 1118 2351 pravitate
1155 2286 1214 2350 per
1245 2288 1304 2331 nos

260 2366 296 2430 in
325 2365 497 2451 praemissis
529 2366 691 2443 damnata,
730 2365 939 2443 considerata,
979 2366 1083 2431 solum
1125 2366 1233 2431 Deum
1271 2374 1305 2433 et

261 2468 449 2533 orthodoxae
465 2468 542 2532 fidei
557 2468 736 2554 puritatem
755 2489 824 2555 prae
839 2467 940 2534 oeulis
962 2467 1126 2547 habentes,
1144 2474 1178 2533 et
1200 2490 1305 2534 sauro
1378 2475 1381 2483 ’

259 2570 381 2636 sanetis
404 2568 469 2635 Dei
494 2571 673 2657 evangeliis
692 2570 806 2657 positis
829 2591 937 2634 eoram
963 2569 1064 2645 nobis,
1081 2575 1121 2634 ut
1145 2570 1185 2634 de
1207 2570 1304 2636 vultu

260 2672 325 2737 Dei
347 2672 509 2756 judicium
533 2677 681 2738 nostrum
706 2671 852 2758 prodeat,
877 2676 912 2738 et
932 2671 1016 2737 oouli
1039 2672 1142 2736 nostri
1169 2671 1305 2737 videant

259 2763 470 2848 aequitatem:

304 2865 345 2929 In
391 2864 522 2928 nomine
567 2862 675 2928 Patris
720 2869 754 2927 et
803 2861 881 2926 Filii
918 2868 952 2927 et
992 2860 1135 2947 Spiritus
1170 2861 1304 2929 Sancti:

258 2968 374 3032 Amen,
422 2966 485 3030 Pro
524 2965 682 3031 tribunali
721 2965 757 3028 in
790 2965 851 3028 hae
885 2969 978 3050 parte
1010 2965 1157 3029 sedentes
1184 2965 1305 3030 delibe-

257 3070 372 3134 rationi
407 3068 539 3133 eonsilio
569 3067 793 3154 theologorum
824 3072 858 3132 et
887 3067 972 3152 juris
1003 3067 1182 3153 peritorum
1212 3069 1306 3134 nobis

257 3171 294 3235 in
318 3171 380 3236 hae
406 3176 499 3257 parte
533 3170 773 3235 assistentium:
797 3169 1005 3235 attendentes
1035 3169 1123 3255 quod
1156 3192 1214 3257 per
1246 3171 1307 3236 im·

256 3273 418 3359 punitatis
447 3272 615 3338 audaciam
652 3270 739 3336 fiunt
775 3271 834 3356 qui
864 3292 1005 3356 nequam
1049 3278 1127 3337 sunt
1159 3273 1306 3358 quotidie

258 3375 439 3460 nequiores,
465 3378 501 3440 et
523 3372 612 3460 quod
636 3373 791 3462 praefatus
817 3371 980 3439 Henrieus
1005 3395 1064 3459 per
1086 3395 1145 3439 nos
1167 3375 1210 3440 ad
1232 3397 1305 3441 eou-

257 3477 440 3543 versionem
468 3477 526 3543 diu
552 3479 766 3563 exspectatus,
783 3474 888 3561 ipsam
910 3476 1152 3541 conversionem
1175 3478 1305 3563 penitus

258 3579 428 3655 resumsit,
461 3584 495 3643 et
520 3579 657 3644 haereses
687 3599 725 3642 so
754 3598 878 3642 errores
906 3599 980 3642 suos
1010 3579 1181 3663 praedietos
1206 3581 1305 3665 porti-

259 3682 384 3748 naaiter
398 3680 591 3746 defendebat
607 3680 738 3766 pariter,
754 3683 788 3744 et
803 3678 950 3745 defendit
965 3680 1065 3745 etiam
1080 3680 1116 3744 in
1131 3684 1304 3766 praesenti3

258 3785 366 3870 ipsum
381 3782 516 3847 fratrem
540 3781 721 3847 Henrioum
737 3781 880 3867 Crumpe
894 3781 1087 3846 monachum
1102 3784 1304 3849 antedictum
1380 3768 1384 3776 ¹

258 3906 301 3950 ex
327 3885 431 3950 causis
455 3883 628 3970 praemissis
654 3883 689 3947 in
709 3882 902 3969 supradietis
926 3882 1072 3948 articulis
1097 3884 1303 3951 manifestam

257 3987 407 4052 haeresim
446 3983 696 4061 continentibus,
736 3990 771 4049 et
808 3984 882 4048 aliis
919 3984 1067 4069 superius
1100 3989 1301 4071 expressatis,

257 4088 448 4154 haereticum
478 4087 746 4173 impoenitentem,
784 4092 820 4152 et
855 4085 1065 4161 obstinatum,
1111 4107 1236 4152 necnon
1270 4095 1304 4154 et

257 4193 450 4255 assertorem
482 4189 691 4274 pestilentem
716 4208 944 4275 perversorum
974 4188 1173 4274 dogmatum,
1213 4189 1303 4255 dam·

257 4313 383 4368 namus,
430 4297 464 4356 et
505 4291 697 4356 damnatum
734 4288 984 4376 pronuntiamus
1016 4295 1050 4355 et
1094 4290 1301 4370 declaramus,

257 4393 499 4460 sententialiter
521 4396 556 4457 et
578 4390 760 4468 diffinitive,
783 4393 819 4455 in
841 4390 892 4455 his
914 4390 1050 4477 seriptis.

305 4495 389 4558 Lata
414 4494 502 4558 enim
520 4493 585 4558 fuit
611 4493 774 4559 sententia
798 4489 973 4557 diffinitiva
993 4500 1102 4559 xvr11⁰
1117 4494 1170 4559 die
1184 4496 1304 4561 mensis
1316 4511 1445 4562 Thrasea·

259 4595 383 4674 Martii,
437 4597 477 4661 de
521 4617 607 4662 anno
655 4594 788 4660 Domini
841 4607 1074 4673 Moccaxxxw,
1127 4599 1304 4663 seeundum
1313 4586 1384 4630 ‘⁶¹¹⁰‘
1395 4592 1446 4628 '⁸⁸

667 4701 672 4709 ’
1150 4700 1214 4762 22
