3008 5490
209 685 254 749 48
520 672 700 747 rasereurr
721 693 947 744 arzasroruu

40 900 181 1025 {wigod
208 888 316 950 essent
348 882 527 969 divulgata,
559 883 637 998 quia
665 905 701 998 a·
715 881 830 997 multis
856 879 1060 996 temporibus
1095 875 1265 1043 lahoragit

206 981 1265 1160 tlt?,taddlttlltdlfflffit

206 1189 401 1254 sollicitatur
419 1187 552 1253 ecelesia
571 1209 630 1272 pro
645 1185 759 1251 eodem
772 1185 847 1261 fine,
863 1206 932 1250 non
951 1189 991 1248 ut
1004 1205 1093 1247 nunc
1107 1183 1263 1259 habeant,

206 1311 282 1354 oum
303 1296 428 1354 certum
449 1289 493 1353 sit
508 1288 596 1373 quod
615 1308 703 1352 nuno
721 1309 788 1352 non
808 1286 954 1365 habent;
977 1286 1034 1350 sed
1058 1289 1098 1349 ut
1117 1284 1264 1349 habeant

206 1391 243 1455 in
279 1391 451 1469 futurum3
495 1396 529 1455 et
565 1389 619 1453 hio
652 1389 728 1453 finis
765 1393 956 1453 consecutus
993 1393 1044 1452 est
1080 1386 1262 1452 secundum

207 1491 406 1578 Magistrum
429 1513 549 1557 meum.
596 1490 661 1555 Sed
684 1490 824 1555 ulterius
847 1491 882 1554 in
906 1490 968 1553 hae
985 1489 1132 1563 materia,
1154 1488 1262 1573 magis

205 1593 343 1658 adrem
363 1595 519 1658 dilatatus
542 1598 593 1658 est
614 1613 719 1656 sermo
745 1592 786 1656 de
813 1591 982 1656 dotatione
1006 1590 1150 1655 eeclesiae
1174 1589 1263 1653 faeta

205 1715 265 1779 per
275 1695 495 1781 imperatores.
527 1693 626 1761 Unde
642 1693 793 1757 diffusius
807 1692 944 1757 intendo
958 1696 1109 1767 tractare,
1124 1690 1261 1755 favente

205 1795 285 1874 Deo,
316 1798 351 1860 in
381 1797 532 1883 proxima
554 1794 835 1870 determinatione,
866 1799 902 1858 et
931 1794 1005 1859 ideo
1038 1794 1083 1858 ad
1116 1814 1262 1880 praesens

205 1896 409 1982 supersedeo,

39 2012 158 2077 wycam
250 1998 309 2064 IV.
334 1999 458 2076 Quarto
474 1998 569 2084 ponit
584 1997 742 2082 Magister
764 2019 856 2063 meus
876 1997 1073 2062 calumniam
1095 1997 1133 2061 in
1153 1995 1263 2083 glossa

37 2078 175 2196 {affigat
204 2120 304 2184 quam
331 2099 471 2184 allegavi
500 2120 597 2184 super
623 2100 679 2162 illo
705 2103 803 2164 textu
828 2098 939 2175 Amos,
966 2098 1049 2164 Noa
1074 2120 1156 2164 sum
1179 2120 1263 2184 pro-

199 2198 303 2284 pheto
332 2220 392 2264 aas
415 2198 521 2283 filias
549 2197 751 2284 proplwtoe5¹
787 2201 898 2265 dicens
932 2201 1021 2286 quod
1055 2220 1153 2264 nemo
1186 2199 1263 2264 fun-

204 2299 298 2364 dabit
326 2301 465 2385 glossam
495 2300 594 2376 illam‚
633 2301 756 2365 seilicet
785 2302 873 2387 quod
909 2302 996 2366 dixit
1025 2323 1060 2367 se
1088 2322 1157 2365 non
1188 2323 1260 2366 esse

203 2401 406 2487 prophetam,
438 2402 516 2485 quia
545 2407 626 2466 tunc
655 2424 724 2465 non
758 2403 823 2466 fuit
856 2402 1038 2489 propheta;
1071 2403 1182 2482 imme,
1218 2407 1262 2467 ut

203 2502 286 2567 dicit
318 2503 484 2589 Magister,
521 2503 623 2567 Amos
662 2524 730 2566 non
767 2504 855 2567 dixit
895 2525 930 2569 se
970 2526 1040 2568 non
1079 2526 1147 2570 esse
1183 2525 1261 2590 pro·

204 2602 348 2689 phetam,
370 2605 519 2689 quamvis
540 2605 627 2668 dixit
646 2605 710 2668 ista
732 2605 833 2690 signa,
850 2605 889 2670 N
887 2626 933 2670 oa
953 2627 1034 2671 sam
1052 2605 1229 2691 propheta.

38 2720 134 2772 which
251 2705 318 2771 Sed
341 2707 511 2772 videamus
541 2728 639 2790 quam
671 2727 819 2791 expresse
851 2707 915 2771 ista
946 2713 1134 2793 repugnant
1164 2707 1262 2772 dictis

37 2787 187 2918 ggggrss
206 2805 244 2871 Β.
261 2807 417 2894 Gregorii,
435 2809 493 2894 qui
516 2807 580 2872 1110
595 2808 779 2886 Mortuum,
802 2829 868 2893 ap.
886 2807 953 2883 56?
971 2809 1016 2872 sic
1032 2809 1120 2883 dicit
1144 2817 1162 2844 “
1173 2809 1263 2888 Quia

38 2927 156 2984 contrary
169 2928 194 2972 to
207 2910 320 2973 eadem
351 2910 460 2987 hora,”
489 2909 608 2995 inquit,
640 2919 735 2993 “qua
764 2909 942 2992 requisitus
972 2914 1020 2973 est
1045 2907 1158 2988 Amos,
1182 2932 1263 2994 pro·

38 2983 75 3034 St
88 2984 151 3036 Gro-

39 3064 111 3113 ss0s5·
207 3020 226 3046 “
241 3011 362 3096 phetiae
387 3013 538 3098 spiritum
562 3011 625 3076 sibi
647 3011 754 3074 deesse
778 3011 887 3089 sensit,
911 3011 951 3073 de
972 3010 1142 3094 semetipso
1166 3013 1262 3074 testi-
1293 3060 1298 3069 .

206 3115 385 3176 “monium
410 3113 525 3176 intulit
546 3100 704 3176 veraciter
730 3111 847 3186 dicens,
865 3110 948 3176 Noa
967 3134 1046 3176 sum
1064 3110 1261 3196 propheto.”

206 3212 253 3274 Et
286 3218 399 3296 postea
436 3234 601 3296 exponens
638 3219 768 3276 textum
805 3213 926 3276 ibidem
964 3219 1165 3298 sequentem,
1201 3215 1260 3278 ubi

206 3311 326 3391 legitur
348 3310 461 3372 statim
484 3313 703 3395 prophetasse,
727 3315 775 3376 ita
797 3314 910 3378 subdit
925 3314 1109 3399 Gregorius,
1132 3325 1150 3350 “
1164 3315 1260 3394 His,”

205 3408 322 3489 inquit,
356 3417 372 3441 “
388 3408 559 3491 Propheta
582 3415 691 3477 verbis
714 3420 824 3499 aperte
848 3416 1039 3494 ostenditur,
1067 3417 1148 3500 quia
1178 3418 1259 3481 dum

206 3515 225 3542 “
241 3505 327 3571 haeo³
357 3507 545 3589 loqueretur
575 3511 727 3595 impletus
758 3522 826 3579 est:
865 3522 900 3579 et
931 3539 1007 3581 mox
1037 3516 1159 3582 hahere
1194 3520 1261 3604 spi·

206 3607 342 3670 “ritum
379 3608 596 3692 prophetandi
629 3617 756 3691 meruit,
785 3616 863 3700 quia
895 3640 928 3682 se
962 3618 1158 3703 prophetam
1188 3641 1259 3684 nou

204 3715 305 3769 “esse
328 3707 496 3770 humiliter
520 3712 685 3794 agnovit.”
731 3714 812 3780 Eoos
836 3740 934 3802 quam
960 3720 1056 3803 plane
1081 3721 1258 3785 confirmat

204 3804 380 3888 Gregorius
398 3807 537 3889 glossam
558 3833 671 3887 meam,
689 3815 715 3877 si
731 3820 841 3880 tamen
863 3841 935 3882 mea
951 3820 1013 3883 dici
1029 3821 1156 3896 debeat,
1175 3825 1255 3907 quin

203 3905 313 3988 potius
340 3906 445 3988 glossa
471 3912 669 3989 commuuis;
700 3919 850 3996 quamvis
877 3920 960 3983 forte
991 3922 1088 3985 multi
1110 3926 1259 4007 postilla-

204 4009 291 4066 tores
314 4006 377 4067 ista
406 4009 507 4072 verba
541 4033 606 4073 non
637 4012 785 4078 habeant.
833 4018 931 4082 Unde
962 4023 1063 4085 miror
1090 4027 1257 4108 quomodo

203 4103 328 4167 Doctor
343 4106 382 4168 de
404 4106 493 4189 Lyra
515 4111 632 4174 fundat
646 4114 782 4195 glossam
805 4117 956 4202 Magistri
977 4124 1050 4200 mei,
1067 4130 1101 4187 et
1117 4125 1156 4189 B.
1175 4127 1258 4192 Gre-

203 4204 314 4289 gorius
336 4227 402 4268 non
425 4209 544 4273 suffieit
565 4211 701 4277 fundare
724 4216 863 4298 glossam
891 4242 990 4303 quam
1013 4245 1073 4308 ego
1096 4228 1201 4311 posui

203 4379 1254 4417 -Ἣ-

237 4490 450 4541 ’11111111νί114.
782 4501 868 4566 ’lam
897 4508 927 4554 de
957 4523 983 4556 se
1014 4511 1064 4568 illa,
1088 4522 1143 4566 text
1166 4517 1197 4566 of
1216 4518 1254 4569 St,

237 4572 247 4601 ²
257 4586 311 4634 cup.
323 4569 369 4634 56]
383 4572 409 4620 0⁰
419 4576 459 4630 32,
468 4571 523 4622 MS.
750 4578 875 4642 Gregory.
