3158 5490
568 704 746 756 mscrcum
769 702 994 754 mmmoauu
1238 688 1303 755 365

258 893 494 980 eleemosynam
531 893 603 958 fieri
641 892 766 958 homini
799 890 988 978 indigenti3
1026 891 1105 977 quia
1133 890 1196 976 ipsi
1228 895 1306 955 sunt

259 997 367 1083 imago
405 996 468 1060 Dei
498 996 533 1060 in
563 994 679 1080 majori
709 993 924 1059 similitudine
958 1015 1056 1079 quam
1086 993 1213 1079 lignum
1253 991 1305 1057 vel

259 1099 360 1185 lapis:
401 1098 478 1183 quia
516 1097 606 1162 Deua
645 1119 712 1162 non
750 1096 844 1172 dixit,
883 1096 1041 1161 faciamus
1077 1094 1212 1182 lignum,
1251 1094 1305 1158 vel

259 1200 410 1286 lapidem,
441 1199 485 1264 ad
514 1198 690 1285 imaginem
726 1203 760 1263 et
785 1197 1036 1262 similitudinem
1066 1202 1219 1273 nostram,
1248 1197 1305 1260 sed

258 1301 442 1367 hominem:
475 1300 553 1386 quia
574 1322 743 1386 supremus
772 1300 882 1375 honor,
910 1321 1008 1384 quem
1032 1299 1139 1364 cleriei
1168 1295 1303 1364 voeant¹

258 1402 397 1478 latriam,
419 1403 562 1489 pertinet
581 1403 624 1466 ad
640 1401 807 1466 Deitatem
833 1401 958 1480 solum;
981 1406 1015 1465 et
1037 1400 1172 1465 inferior
1193 1401 1304 1476 honor,

260 1527 356 1589 quem
392 1504 497 1570 elerici
523 1510 643 1569 voeant
678 1503 809 1578 duliam,
844 1503 989 1588 pertinet
1012 1503 1055 1568 ad
1080 1502 1246 1568 hominem
1272 1505 1307 1566 et

260 1606 419 1692 angelum,
444 1611 478 1671 et
503 1606 546 1671 ad
572 1605 696 1670 nullam
722 1604 819 1669 aliam
845 1602 1031 1670 inferiorem
1058 1611 1245 1670 ereaturam

306 1707 518 1774 Corellarium
545 1707 705 1792 estquod
731 1707 902 1772 servitium
929 1706 969 1771 de
990 1727 1082 1771 eruce
1108 1706 1232 1772 tactum
1254 1707 1306 1771 bis

263 1809 409 1895 quolibet
432 1832 518 1874 anno
542 1809 578 1873 in
604 1815 717 1874 nostra
746 1808 878 1874 eeclesia
901 1814 952 1873 mt
981 1807 1114 1894 plenum
1144 1808 1303 1887 idolatria,

263 1911 341 1996 quia
364 1911 391 1976 si
414 1910 519 1988 illud,2
545 1910 637 1987 elavi,
670 1917 704 1976 et
727 1911 839 1976 lancea
868 1910 1025 1976 deberent
1040 1911 1088 1975 ita
1111 1911 1177 1976 alte
1206 1911 1307 1977 hono·

260 2013 347 2093 rari3
378 2018 457 2078 tune
487 2018 594 2078 essent
623 2012 712 2077 labia
741 2012 763 2077 J
766 2013 848 2090 udae,
879 2012 908 2077 ei
938 2013 1010 2098 quis
1040 2017 1148 2099 posset
1177 2013 1304 2091 habere,

260 2113 370 2179 valde³
407 2114 560 2199 reliquiae.
606 2112 673 2179 Sed
702 2135 853 2200 rogamus
883 2120 925 2190 te,
956 2115 1131 2201 peregrine,
1162 2116 1205 2180 ad
1233 2137 1307 2179 nar-

261 2217 400 2282 randum
434 2216 535 2292 nobis,
577 2216 708 2301 quando
753 2222 792 2281 tu
830 2215 926 2281 offers
957 2216 1082 2282 ossibus
1119 2223 1306 2283 sanctorum

265 2319 302 2382 in
331 2317 464 2383 serinio⁴
486 2317 602 2404 positis
631 2318 666 2382 in
704 2317 814 2403 aliquo
848 2317 926 2393 loeo,
957 2323 1070 2383 utrum
1107 2326 1146 2385 tu
1183 2319 1306 2385 relevas

260 2426 408 2486 sanctum
439 2420 496 2505 qui
526 2425 576 2486 est
605 2419 641 2484 in
664 2419 792 2507 gaudio,
825 2419 876 2485 vel
907 2419 989 2485 illud
1015 2442 1193 2507 pauperum
1224 2422 1306 2487 elee-

259 2543 405 2608 mosynae
439 2518 584 2598 donum,⁶
616 2523 704 2606 quod
730 2527 780 2587 est
809 2521 858 2586 ita
886 2521 969 2586 bene
996 2521 1170 2588 donatum⁰
1199 2521 1306 2608 quod⁷

261 2622 408 2689 homines
437 2629 515 2688 aunt
545 2623 749 2689 canonizati:
775 2623 865 2690 Deus
889 2624 950 2688 seit
979 2624 1148 2710 quomodo.
1195 2625 1241 2690 Et
1263 2625 1306 2689 ad

259 2725 457 2810 loquendum
479 2726 582 2811 magis
597 2725 701 2811 plane,
722 2724 828 2790 fidelis
842 2725 1037 2791 christianus
1051 2727 1206 2813 supponit
1220 2728 1307 2813 quod

261 2834 384 2913 puncta
422 2826 509 2892 illius
546 2827 666 2892 nobilis
696 2827 845 2905 hominis,
878 2849 974 2912 quem
1011 2827 1158 2893 homines
1188 2835 1307 2895 vocant

262 2928 294 2994 S.
320 2928 485 3005 Thomam,
511 2951 577 2994 non
599 2929 733 2995 fuerunt
755 2950 851 2995 musa
872 2930 1031 3016 martyrii.

752 3093 812 3158 IX.

308 3205 403 3285 Quod
427 3206 616 3270 auricrdaris
636 3204 799 3282 confessio,
816 3228 889 3292 quae
905 3206 1026 3272 dieitur
1039 3212 1109 3271 tam
1130 3207 1430 3284 neoessariaagunst

263 3307 306 3371 ad
343 3307 557 3372 salvationem
596 3307 744 3384 hominis,
776 3330 850 3373 cum
880 3308 957 3373 fieta
986 3314 1148 3393 potestate
1182 3284 1470 3404 absolu-{ffignlss'ffi

263 3408 371 3483 tionis
419 3409 545 3474 exaltat
597 3409 781 3494 superbiam
819 3409 1030 3487 sacerdotum,
1069 3415 1104 3474 et
1140 3410 1198 3476 dat
1242 3411 1308 3477 illis

264 3510 542 3595 opportunitatem
573 3516 767 3575 secretarum
790 3510 996 3576 notationum
1019 3510 1165 3588 aliarum,
1197 3511 1308 3598 quam⁸

266 3632 325 3676 nos
340 3611 490 3677 nolumus
506 3613 629 3676 dicere:
655 3612 732 3697 quia
746 3611 869 3677 domini
885 3618 919 3677 et
935 3612 1075 3679 dominae
1097 3619 1305 3691 attestantur,

264 3714 351 3798 quod
389 3710 474 3799 prae9
511 3714 628 3778 timore
663 3713 880 3778 confessorum
920 3737 1051 3779 suorum
1089 3737 1155 3780 non
1186 3716 1308 3781 audent

265 3815 370 3878 dicere
390 3815 571 3880 veritatem.
618 3814 664 3880 Et
685 3814 722 3878 in
744 3820 889 3901 tempore
903 3815 1111 3882 confessionis
1129 3823 1178 3882 est
1194 3840 1308 3903 oppor-

263 3922 384 3980 tunum
422 3921 551 4002 tempus
590 3915 852 4002 procationum‚¹⁰
888 3916 921 3980 id
968 3923 1025 3994 est,
1069 3916 1108 4002 of
1147 3939 1305 4004 wouryaq,

1029 4119 1294 4129 --—-———-.

299 4240 416 4307 ¹vocant]
434 4241 572 4303 nominant,
585 4241 619 4302 G,
632 4240 710 4293 wilk
844 4240 940 4307 ἱᾳιιοά]
959 4242 991 4291 ob
1003 4242 1076 4305 quod,
1084 4241 1164 4294 wilk.

297 4322 307 4350 ²
318 4317 391 4385 illud]
405 4320 450 4379 illi,
463 4319 542 4370 wilk
842 4321 852 4351 ⁸
863 4320 1008 4370 notationum
1019 4318 1132 4381 aliarum,
1154 4322 1240 4388 quan]
1255 4338 1307 4374 ser·

298 4394 401 4463 ¹valde]
420 4398 494 4448 valde
506 4399 587 4458 boun,
600 4397 678 4447 wila
810 4397 1004 4449 mocinntionum
1016 4414 1084 4463 quus,
1095 4399 1174 4450 wilk.

301 4478 309 4507 ⁴
319 4476 422 4541 scrinio]
437 4451 515 4532 Quin,
527 4476 560 4526 A.
571 4476 602 4527 G.
846 4480 856 4508 ⁰
862 4476 930 4542 proe]
944 4492 998 4541 pro,
1011 4477 1091 4527 wilk.

299 4557 308 4584 ⁵
319 4553 417 4620 donum]
436 4554 598 4614 domicilium,
609 4554 688 4604 wilk.
845 4557 864 4587 ¹⁰
870 4555 1052 4622 precationum]
1063 4557 1221 4621 precationis,
1229 4558 1308 4610 wilk.

300 4634 310 4661 ⁶
323 4632 447 4699 donatum]
470 4632 630 4693 dotatum‚A‚
643 4632 676 4695 G,
685 4633 764 4685 wilk.
