3008 5490
543 743 723 803 rsscrcum
744 743 969 808 mansionen,
1215 736 1281 811 295,

229 932 350 998 nostris
380 932 548 998 ordinibus
578 933 620 998 de
648 933 741 1019 regni
774 932 873 1019 hujus
903 956 1033 1021 corpore
1055 936 1201 1022 gloriose,
1226 937 1279 1002 cui

227 1054 288 1120 per
318 1033 418 1100 fidem
447 1034 622 1100 salubriter
654 1034 857 1114 inhaeremus,
881 1035 989 1122 gladio
1012 1038 1140 1123 publico
1173 1038 1278 1104 veluti

226 1135 364 1222 putrida
385 1136 532 1201 membre
553 1135 652 1200 nimis
674 1136 848 1201 crudeliter
869 1143 1046 1223 amputare

273 1232 365 1301 Hac¹
390 1236 500 1323 igitur,
519 1236 664 1323 piissime
690 1237 830 1315 domine,
846 1244 916 1302 tam
938 1240 1039 1304 anxia
1059 1262 1118 1305 nos
1140 1248 1276 1327 urgente
1289 1253 1414 1306 mwhich

225 1336 376 1424 pressa
414 1337 475 1402 sub
512 1337 580 1402 ns
616 1342 735 1402 vssrae
782 1339 991 1424 protectionis
1036 1323 1433 1454 bengnsmaefflgg

224 1438 329 1503 simul
353 1459 465 1503 omnes
494 1438 706 1525 confugimus,
738 1439 775 1503 in
808 1439 900 1524 cujus
930 1442 1077 1506 membra
1098 1444 1275 1529 repositum

225 1539 324 1604 nobis
345 1562 367 1603 a
396 1538 467 1604 Deo
497 1561 663 1625 speramus
692 1539 855 1626 refugium
885 1541 1056 1627 singulare,
1081 1543 1275 1628 gratiosissi-

224 1661 318 1705 mam
338 1645 458 1705 vestrae
487 1640 688 1728 dignationis
711 1640 916 1705 clementiam
939 1641 1063 1706 anhelis
1086 1646 1277 1728 praecordio-

224 1762 304 1806 rum
324 1739 473 1828 suspiriis
495 1741 716 1827 implorantes,
739 1747 901 1827 quatenus
916 1742 1166 1808 declamationem
1180 1746 1277 1812 famae

225 1848 350 1909 nostra
364 1841 468 1907 tantis
493 1841 686 1907 criminibus
707 1843 889 1922 maceilatae,
910 1864 947 1909 ec
969 1845 1112 1909 maxime
1132 1845 1167 1909 in
1190 1846 1277 1912 illius

224 1942 311 2009 vitae
339 1948 460 2009 nostrae
483 1943 672 2030 presidium
694 1944 798 2008 tantis
823 1944 951 2009 insidiis
981 1945 1182 2025 convallatae,
1207 1948 1277 2035 dig-

223 2048 327 2111 netur
356 2049 467 2110 vestra
489 2043 661 2110 clementia
690 2045 834 2131 gratiosa
859 2046 1132 2131 praenominatum
1158 2049 1277 2134 magis-

223 2152 318 2212 trum
343 2144 527 2225 Nicolaum,
552 2147 596 2211 ad
627 2147 837 2211 metuendam
859 2146 983 2211 domini
1005 2148 1109 2213 nostri
1131 2150 1217 2236 regis
1240 2172 1277 2216 sc

224 2252 373 2313 vestram
387 2246 596 2333 praesentiam
611 2245 716 2312 faeere
738 2245 929 2324 convenire3
952 2252 1037 2313 utet
1053 2271 1092 2313 ea
1106 2250 1273 2328 advocare,

224 2348 282 2414 vel
311 2368 471 2423 revocare,
503 2368 611 2412 coram
639 2347 735 2412 vobis
765 2352 906 2433 cogatur,
937 2369 1011 2433 quae
1045 2355 1115 2414 tam
1148 2352 1277 2437 publice

223 2470 337 2516 eoram
366 2448 518 2514 omnibus
548 2447 585 2512 in
618 2447 824 2534 dispendium
850 2447 947 2513 famae
970 2456 1098 2526 nostrae,
1122 2452 1220 2516 simul
1242 2458 1276 2518 et

224 2551 310 2617 vitae
330 2550 519 2637 periculum,
544 2548 640 2614 nobis
662 2549 827 2635 imponere
849 2570 916 2614 non
939 2550 1074 2614 desistit

281 2651 380 2732 Quod
416 2650 446 2716 si
478 2649 617 2716 forsitan
648 2649 713 2714 alia
744 2649 937 2735 procedendi
970 2650 1027 2714 via
1059 2657 1178 2717 vestrae
1211 2653 1275 2716 dis-
1323 2664 1327 2672 “

223 2752 365 2819 motioni
402 2751 540 2839 egregiae
577 2750 730 2817 videatur
766 2751 871 2836 magis
902 2750 1084 2836 expediens,
1123 2747 1278 2839 dignetur

223 2853 416 2920 indeficiens
446 2853 550 2940 pietas
583 2857 695 2919 vestra
727 2852 768 2916 de
801 2851 943 2917 remedio
975 2849 1069 2915 nobis
1093 2858 1276 2937 opportuno

223 2957 385 3022 adversm
429 2954 646 3040 malignorum
691 2952 825 3019 insidias
857 2952 959 3039 juxta
995 2956 1142 3018 vestrum
1178 2954 1277 3019 bene-

223 3057 386 3146 placitum
407 3055 588 3142 providere

276 3157 408 3223 Vestrae
445 3176 606 3242 supremae
642 3155 827 3220 nobilitatis
875 3154 1044 3242 fastigium
1086 3176 1276 3221 conservare

224 3259 356 3345 semper
370 3264 605 3345 etpromovere
620 3255 774 3343 dignetur
796 3254 995 3334 Altissimus,
1011 3256 1103 3342 cujus
1125 3257 1276 3343 ingenuae

223 3359 347 3449 pietati
372 3359 489 3424 salutis
511 3362 546 3422 et
575 3357 655 3422 vitae
677 3361 796 3421 nostrae
830 3356 968 3421 tutelam
995 3379 1105 3423 omnes
1129 3358 1278 3423 unanimi

223 3462 333 3528 cordis
354 3465 434 3529 voto
456 3458 646 3545 suppliciter
667 3458 935 3523 commendamus.

286 3561 455 3647 Scriptum
479 3558 628 3634 Oxoniae,
652 3581 739 3624 anno
762 3559 897 3623 Domini
934 3575 1146 3637 Mcccnxxxr,
1170 3567 1394 3630 xVI11⁰Oxtor⁶2

223 3666 281 3731 die
303 3663 424 3727 mensis
464 3659 644 3735 Februarii,
680 3659 741 3723 sub
773 3659 879 3745 sigillo
901 3660 1047 3746 priorum
1072 3669 1107 3727 et
1128 3635 1401 3759 gardimfflff’

222 3768 451 3833 conventuum
474 3761 683 3850 etordinum
706 3760 924 3846 praefatorum.
1287 3765 1374 3829 (ris.)

220 3978 380 4067 Eoeptieit
422 3976 522 4064 coptu
559 3976 667 4043 titeroe
696 3975 811 4042 musca
842 3975 890 4042 ud
927 3975 1118 4042 domuum
1155 3979 1277 4045 ducem

267 4079 484 4146 Louoaatrioe
527 4100 591 4163 per
643 4077 788 4143 (tramea
837 4075 1084 4145 claustralium
1132 4078 1276 4146 oxonio

270 4188 393 4247 curura
418 4178 631 4264 cruciatuum
660 4177 848 4243 Nicolaum
877 4176 1047 4262 Hersorde
1082 4184 1111 4244 ct
1154 4187 1274 4246 ceteros

265 4304 392 4370 pacem
411 4278 654 4368 perturbantes.
699 4278 768 4345 Per
791 4276 1008 4362 Parauaea

544 4686 550 4692 ,
628 4629 720 4695 ¹an]
731 4629 793 4688 Hac,
804 4618 861 4680 MS.
