3008 5490
540 745 719 801 asscrcun
742 747 967 800 mzsmonuu.
1214 732 1280 804 427

215 926 430 1021 justionem
452 908 545 1000 auam
567 934 767 1022 praediotam,
798 940 898 1022 prout
919 935 1092 1012 fatebatur,
1116 940 1150 1001 et
1171 955 1281 1021 recog-
1421 943 1424 946 ’

221 1034 328 1103 novit
345 1033 548 1122 judicialiter
569 1043 651 1102 tuno
673 1037 802 1104 ibidem.

721 1273 796 1342 XX.

274 1404 363 1475 Item
401 1407 464 1474 tibi
502 1409 649 1489 dicimus,
680 1409 852 1495 objicimus
878 1413 913 1475 et
942 1409 1159 1487 articulamur,
1192 1408 1433 1496 quodFmtinget

222 1512 307 1601 poet
342 1515 377 1576 et
413 1515 528 1577 contra
565 1517 658 1577 tuam
695 1512 793 1598 hujus
830 1511 1078 1598 abjurationem,
1108 1512 1144 1577 in
1169 1517 1281 1577 nostra
1291 1489 1401 1607 fflm·

223 1610 371 1693 dioeoesi,
410 1618 449 1678 tu
486 1613 632 1692 tenuisti,
663 1612 841 1692 affirmasti,
876 1613 1034 1700 scripsisti
1068 1618 1102 1679 et
1131 1613 1280 1693 docuisti,

223 1714 320 1802 qaod
334 1712 370 1779 in
385 1714 642 1802 quadragesima,
659 1714 773 1781 diebus
793 1721 936 1803 quatuor
949 1719 1142 1802 temporum,
1159 1714 1282 1802 vigiliis

223 1818 425 1893 sanctornm,
450 1817 505 1883 vel
526 1817 674 1883 adventu
697 1816 840 1896 Domini,
865 1818 976 1882 nullus
997 1816 1101 1882 fidelis
1117 1815 1282 1904 obligatur

225 1916 276 1984 ed
299 1916 473 2003 jejunium,
501 1941 576 1985 cum
600 1918 749 1985 Christus
775 1919 856 1984 talia
886 1925 1032 2006 tempora
1062 1941 1128 1985 non
1153 1918 1282 2004 jejuna

223 2019 325 2096 verit,
341 2041 379 2086 eo
402 2019 490 2106 quod
510 2043 569 2107 per
590 2019 680 2086 mille
702 2043 805 2087 annos
825 2027 899 2108 post
915 2020 1040 2087 Christi
1062 2021 1281 2087 ascensionem

224 2120 313 2189 tales
328 2122 547 2189 observantia
562 2146 583 2187 a
597 2123 733 2188 summis
752 2123 962 2209 pontificibus
982 2128 1076 2188 erant
1099 2123 1281 2210 deceptorie

225 2223 402 2291 instituta

276 2322 384 2391 Istum
415 2325 590 2391 articulum
627 2326 783 2413 praefatus
820 2325 1006 2392 Willelmus
1044 2325 1169 2413 Whyte
1200 2327 1280 2392 fate·

228 2426 338 2504 batur,
366 2433 401 2494 et
426 2429 615 2515 recognovit
633 2428 836 2514 judicialiter
859 2451 893 2494 se
916 2429 1067 2505 tenuisse,
1094 2428 1279 2507 affirmasse,

225 2530 393 2617 scripsisse
431 2534 466 2595 et
502 2531 655 2608 docuisse,
690 2536 765 2616 post
802 2528 1042 2616 abjurationem
1073 2552 1165 2596 suam
1199 2552 1281 2618 prae·

226 2631 360 2699 dictam

710 2865 805 2932 XXI.

276 3014 364 3080 Item
400 3014 463 3080 tibi
501 3014 647 3090 dicimus,
675 3014 847 3100 objicimus
877 3020 912 3078 et
941 3009 1161 3091 articuiamur,
1192 3008 1280 3100 quod

228 3122 305 3203 post
329 3121 363 3182 et
386 3122 499 3182 contra
522 3121 614 3181 tuam
629 3117 818 3204 praedictam
844 3116 1092 3202 abjurationem,
1113 3117 1150 3181 in
1169 3121 1280 3181 nostra

232 3217 373 3294 dioeoesi,
412 3224 452 3283 tu
482 3218 627 3294 tenuisti,
658 3217 838 3295 affirmasti,
870 3218 1028 3305 scripsisti
1059 3224 1093 3283 et
1130 3218 1278 3293 docuisti,

229 3321 320 3407 quod
341 3320 542 3407 temporibus
566 3326 601 3385 et
627 3318 742 3385 diebus
763 3318 941 3407 proximis¹
961 3319 1190 3407 suprascriptis
1212 3318 1280 3384 lici-

231 3427 306 3488 tum
330 3428 387 3499 est,
413 3422 591 3488 secundum
616 3423 798 3488 doctrinam
830 3422 968 3508 apostoli
994 3421 1097 3499 Pauli
1129 3421 1280 3487 fidelibus

231 3546 343 3590 earnes
375 3530 410 3590 et
441 3525 551 3590 omnia
573 3524 695 3589 cibaria
723 3524 914 3590 indistincte
936 3525 1102 3590 comedere
1125 3524 1211 3588 inter
1232 3547 1281 3589 se·

230 3627 326 3713 ipsos,
358 3633 392 3692 et
421 3628 521 3691 etiam
548 3627 584 3691 in
608 3627 783 3713 praesentia
809 3627 999 3702 infidelium,
1025 3633 1064 3691 ut
1088 3649 1142 3691 eos
1168 3626 1279 3692 fideles

229 3728 375 3807 facium
397 3729 487 3814 quod
508 3734 620 3794 tamen
644 3750 709 3793 non
734 3728 810 3794 lioet
832 3727 1036 3795 infirmorum
1052 3729 1190 3793 fratrum
1206 3751 1280 3795 con-

229 3829 381 3896 scientias
412 3829 606 3895 habentium
630 3831 820 3906 infatuatus,
845 3853 886 3895 ne
919 3853 961 3895 ex
995 3831 1056 3895 hoc
1090 3831 1278 3897 scandalum

230 3931 363 3998 oriatur.

276 4034 382 4100 Istum
414 4034 587 4099 articulum
622 4034 778 4121 praefatus
816 4034 1000 4101 Willelmus
1038 4034 1161 4121 Whyte
1197 4035 1279 4101 fate

229 4135 337 4215 batur,
366 4142 400 4201 et
422 4136 612 4223 recognovit
629 4136 832 4222 judicialiter
856 4144 935 4203 tuno
958 4137 1079 4202 ibidem
1103 4137 1191 4224 quod
1206 4143 1280 4223 post

229 4235 469 4324 abjurationem
499 4260 591 4302 suam
621 4239 811 4325 praedictam
843 4240 910 4325 ipse
941 4240 1057 4313 tenuit,
1091 4238 1276 4316 affirmavit,

232 4342 361 4428 scripsit
385 4347 419 4406 et
443 4341 576 4419 docuit;
611 4342 645 4404 in
672 4346 803 4405 tantum
828 4342 915 4425 quod
942 4343 1079 4428 ipsemet
1095 4341 1278 4405 Willclmus

231 4543 651 4552 ----------.-----—-—-
682 4542 827 4549 ..--.——
1096 4538 1276 4548 .--.-..———

457 4669 464 4700 ¹
472 4668 604 4736 proximis]
618 4666 689 4720 Beati
699 4667 814 4733 proxime
825 4667 884 4720 bere
894 4667 944 4720 aad
955 4620 1042 4720 beloti
