3008 5490
514 734 963 793 frascrcnmsrzsmososr.
1206 728 1276 800 '327

222 925 421 1011 interrogati
449 925 523 1010 quis
552 932 637 991 esset
658 946 771 991 sensim
794 927 857 1002 ille,
889 925 1066 992 noluerunt
1095 925 1189 992 illum
1219 951 1276 993 ex-

224 1027 375 1114 primere
422 1027 602 1112 Inquisitor
621 1049 698 1114 ergo
719 1050 849 1094 sensum
864 1029 1048 1115 exprimens
1066 1029 1277 1095 conclusionis

225 1127 402 1204 damnatae,
419 1130 572 1213 quaesivit
586 1152 630 1194 an
651 1129 709 1193 illa
723 1131 903 1196 accidentia
916 1131 1094 1218 corporalia
1111 1154 1184 1217 quoe
1200 1139 1277 1198 ante

225 1232 502 1296 consecrationem
523 1231 703 1297 formaliter
724 1232 930 1298 inhaerebant
959 1234 1152 1299 substantiae
1175 1235 1276 1320 panis,

226 1338 289 1423 aut
318 1332 398 1408 vini,
430 1338 506 1418 post
535 1334 810 1399 consecrationem
841 1334 1024 1400 inhaereant
1056 1335 1161 1400 eidem
1190 1336 1276 1421 pani,

228 1438 288 1498 aut
303 1433 382 1499 vino
394 1458 403 1511 ;
425 1433 480 1499 vel
494 1435 529 1498 in
551 1435 617 1498 alia
636 1435 823 1500 substantia
843 1435 1075 1519 subjectentur.
1122 1435 1177 1500 Ad
1191 1436 1279 1505 huno

229 1557 361 1602 sensum
384 1535 433 1600 illi
455 1535 613 1602 nolebant
633 1536 765 1624 penitus
787 1536 988 1623 respondere.
1022 1537 1025 1544 ’

509 1797 570 1866 Aa
592 1797 732 1865 tertrbsm
754 1797 1011 1864 cmtclosiooem.

277 1945 320 2011 In
339 1946 547 2033 responsione
566 1949 609 2014 ad
631 1947 765 2012 tertiam
785 1947 1029 2024 conclusionem,
1046 1946 1166 2012 scilicet
1182 1944 1281 2029 Quod

231 2046 391 2114 Christos
411 2070 485 2114 raon
506 2048 552 2115 sit
574 2048 617 2115 ia
639 2049 753 2115 codem
774 2055 992 2128 samonaco,
1017 2055 1079 2126 cta,
1110 2071 1184 2114 cum
1207 2072 1280 2115 con·

228 2150 401 2216 cessissent
430 2173 502 2216 eam
532 2174 600 2216 esse
630 2150 817 2216 haereticam
848 2150 891 2215 ad
920 2173 1051 2215 sensum
1081 2152 1280 2216 contrarium

230 2251 282 2316 illi
304 2251 458 2317 decretali
487 2253 523 2316 in
543 2252 756 2318 Clementinis
786 2250 829 2317 Si
852 2251 1061 2331 dominum
1087 2252 1282 2338 interrogati

230 2354 306 2439 quis
336 2360 421 2420 esset
450 2354 505 2419 ille
534 2376 655 2431 sensim,
687 2353 864 2429 noluerunt
901 2353 1004 2430 illum*
1033 2354 1164 2419 edicere.
1226 2353 1282 2419 In-

230 2455 373 2541 quieitor
394 2477 470 2542 ergo
492 2477 623 2521 sensum
653 2457 837 2542 exprimens
867 2455 1079 2520 conclusionis
1107 2456 1280 2544 damnatae,

230 2555 387 2643 quaesivit
416 2579 461 2621 an
497 2557 585 2623 idem
622 2578 737 2644 corpus
775 2555 899 2623 Christi
936 2578 1071 2622 numero
1101 2557 1188 2642 quod
1217 2557 1283 2623 fuit
1358 2566 1360 2571 '

230 2664 437 2744 assumptum
460 2658 501 2724 de
523 2658 659 2745 Virgine
681 2659 726 2724 sit
748 2658 783 2722 in
805 2663 1008 2723 sacramento
1030 2658 1143 2723 altaris
1169 2680 1283 2723 secun·

231 2760 314 2825 dum
336 2760 486 2847 scipsum,
502 2761 641 2838 realiter,
657 2760 834 2825 secundum
856 2760 1032 2825 veritatem
1054 2783 1122 2825 suae
1145 2760 1282 2825 carnalis

232 2861 438 2940 substantiae,
469 2868 504 2928 et
525 2862 702 2929 secundum
731 2863 896 2948 propriam
925 2861 1099 2927 essentiam
1121 2885 1158 2928 ac
1187 2868 1284 2927 natu-

231 2985 313 3028 ram
374 2962 429 3027 Ad
466 2963 553 3031 hunc
591 2986 669 3031 vero
703 2986 834 3030 sensum
871 2963 920 3030 illi
961 2963 1116 3030 nolebant
1153 2962 1283 3052 penitus

232 3066 434 3153 respondere

498 3282 559 3350 Aac
581 3289 743 3370 quartum
766 3282 1024 3351 conclusionem.

282 3414 327 3479 In
362 3413 569 3501 responsione
607 3417 650 3481 ad
686 3419 839 3500 quartam
881 3416 1126 3493 conclusionem,
1164 3413 1285 3481 scilicet
1298 3424 1353 3476 The
1367 3431 1456 3491 powerj

236 3514 339 3599 Quod
375 3515 408 3582 st
437 3516 624 3603 epscopus,
647 3524 710 3594 cta,
746 3538 820 3581 cum
853 3518 1082 3583 concessissent
1114 3517 1203 3601 quod
1235 3492 1436 3609 eam?

235 3618 428 3686 haereticum
458 3620 520 3685 sub
555 3620 659 3685 forma
695 3619 869 3684 verborum
898 3641 1029 3683 suorum
1041 3643 1049 3696 ;
1093 3619 1285 3704 interrogati
1296 3625 1326 3703 qs
1332 3625 1422 3675 moral

234 3720 376 3788 ulterius
401 3743 445 3785 an
468 3722 585 3806 aliquis
608 3721 752 3786 existens
774 3721 809 3785 in
831 3721 963 3786 mortali
985 3725 1115 3807 pemmo
1135 3721 1181 3785 sit
1202 3705 1343 3807 epis-‚⁸¹³⁴

233 3842 347 3908 oopus·
370 3823 424 3888 vel
447 3824 603 3901 sacerdos,
618 3828 842 3889 concesscnmt
865 3823 952 3908 quod
974 3823 1026 3898 sic,
1050 3823 1158 3906 quossl
1180 3827 1286 3908 potes·

235 3929 352 3993 tatem.

408 4248 411 4253 Ι
520 4161 579 4225 As
602 4168 728 4226 semum
752 4159 1009 4224 corsclusioncoa

284 4306 328 4371 In
351 4308 556 4393 responsione
579 4309 623 4372 ad
645 4315 772 4372 sextam
795 4306 1040 4381 conclusionem,
1057 4305 1179 4370 scilicet
1194 4303 1287 4369 Dese
1300 4319 1447 4373 AstoGod

237 4406 333 4474 debet
359 4406 490 4475 obedire
520 4408 653 4475 diabolo
663 4435 676 4488 ;
715 4433 788 4474 cum
825 4409 1054 4474 concessissent
1092 4407 1180 4470 illam
1219 4385 1428 4503 essefflissgp

238 4509 429 4577 haereticam
454 4512 497 4576 ad
523 4533 654 4576 sensum
680 4512 827 4597 superius
858 4512 1001 4595 positum
1032 4510 1072 4575 de
1103 4507 1288 4573 obedientia

238 4612 466 4692 necessitatis3
511 4613 705 4699 interrogati
741 4636 784 4678 an
823 4612 913 4677 Deus
955 4611 1065 4696 aliquo
1102 4609 1198 4674 modo
1235 4608 1288 4672 vel
