3158 5490
264 701 329 771 394
576 713 757 767 raso1cua1
781 712 1007 766 amasionum

264 912 299 970 et
313 927 379 992 cap.
411 905 578 985 satriano,
608 928 668 994 per
688 927 763 993 quae
785 905 930 994 capitula
952 905 1035 972 tales
1058 927 1127 971 non
1150 904 1330 972 conficiunt

265 1014 503 1074 sacramentum
533 1009 670 1088 altaris3
704 1017 784 1076 tunc
814 1031 926 1075 omnes
957 1008 1140 1086 christiani,
1164 1009 1329 1096 praecipue

264 1115 375 1174 tamen
405 1133 516 1176 omnes
546 1112 737 1178 fundatores
759 1112 967 1177 abbatiarum
994 1117 1029 1177 et
1051 1112 1225 1177 dotatores
1248 1110 1329 1197 epis·

263 1218 447 1298 copatuum,
473 1215 686 1300 prioratuum,
711 1222 746 1281 et
765 1215 995 1292 cantoriarum,
1025 1214 1189 1280 deberent
1220 1234 1329 1279 emen·

264 1315 341 1380 dare
375 1316 436 1381 hoc
467 1323 645 1403 peecatum,
682 1324 717 1383 et
754 1317 967 1384 traditionem
1003 1336 1062 1383 seu
1100 1316 1325 1404 proditionem

263 1417 386 1483 sactum
418 1419 485 1484 suis
517 1420 781 1502 antecessoribus,
812 1419 988 1486 auferendo
1018 1419 1063 1484 ab
1097 1418 1146 1485 eis
1170 1418 1327 1486 socrdem

265 1520 418 1599 dominio,
435 1544 509 1608 quaa
536 1529 614 1589 sunt
637 1522 886 1589 manutenentia
907 1526 1114 1609 pesatornm
1136 1542 1284 1589 snorum

311 1627 340 1690 3.
365 1624 453 1690 Item
486 1626 574 1711 quod
600 1624 770 1691 christiani
793 1624 919 1691 domini
941 1624 1100 1691 deberent
1125 1624 1327 1692 subtrahere

265 1747 286 1790 a
311 1727 435 1792 clericis
458 1728 609 1793 omnibus
635 1727 778 1794 seculare
801 1728 992 1806 dominium,
1021 1727 1112 1813 quod
1134 1728 1250 1794 nutrit
1272 1749 1327 1794 eas

265 1829 301 1894 in
323 1829 447 1908 haeresi,
483 1837 517 1896 et
547 1831 698 1896 reducere
723 1853 776 1896 eos
814 1831 857 1897 ad
886 1830 1065 1919 simplicem
1088 1835 1124 1898 et
1146 1850 1326 1920 pauperem

265 1922 370 1997 uitem
392 1933 416 1997 J
418 1955 475 1998 esu
498 1933 622 2000 Christi
646 1941 680 2000 et
702 1934 923 2022 apostolorum
945 1933 1053 2021 ipsius

316 2039 344 2099 4.
370 2036 456 2100 Item
498 2038 587 2122 quod
619 2037 788 2103 christiani
823 2036 957 2114 domini,
995 2036 1024 2102 si
1060 2036 1171 2103 velint
1205 2036 1323 2104 habere

265 2138 437 2202 emendam
467 2140 508 2204 de
537 2140 765 2206 maledictione
787 2162 825 2205 ac
847 2139 1049 2226 blasphemia
1078 2138 1228 2207 nominis
1250 2140 1320 2216 Dei,

265 2240 388 2306 debent
421 2241 614 2307 subtrahere
647 2243 841 2329 temporalia
870 2262 929 2307 sua
966 2265 988 2307 a
1023 2243 1207 2308 mundanis
1232 2242 1322 2308 cleri-

266 2342 319 2421 cis,
344 2365 418 2429 quae
447 2344 591 2411 maxime
621 2345 774 2411 nutriunt
804 2343 992 2430 hip'usmodi
1017 2344 1257 2411 maledictum:
1288 2350 1322 2411 et

265 2446 417 2512 similiter
439 2449 589 2529 dechnas,
619 2472 641 2514 a
669 2447 846 2536 pinguibus
871 2447 1009 2513 ecclesiis
1031 2448 1255 2534 appropriatis
1275 2447 1322 2513 di-

266 2550 391 2616 vitibus
423 2552 589 2617 monachis
620 2557 654 2617 et
684 2551 757 2616 aliis
787 2550 873 2617 fictis
906 2550 1072 2638 religiosis,
1112 2572 1172 2636 per
1211 2555 1322 2638 apem

267 2653 444 2734 mendacia,
467 2660 501 2720 et
525 2654 591 2719 alia
614 2654 722 2719 media
752 2653 873 2718 illicita
929 2652 974 2717 Et
1004 2651 1221 2718 donationem
1251 2652 1321 2718 auri

266 2756 406 2842 superbo
429 2758 589 2823 sacerdoti
613 2757 736 2833 Romae,
760 2756 818 2842 qui
843 2755 1004 2820 intoxicat
1030 2760 1140 2820 totam
1168 2754 1322 2822 christia

266 2859 406 2923 nitatem
429 2882 490 2925 sua
512 2859 651 2925 simonia
673 2864 707 2924 et
730 2857 852 2924 haeresi.

311 2964 338 3024 5.
363 2961 451 3026 Item
481 2962 568 3046 quod
599 2961 790 3048 temporalia
821 2957 967 3025 dominia
1003 2958 1161 3025 deberent
1199 2957 1322 3027 auferri

264 3062 427 3148 episcopis,
463 3070 496 3128 et
527 3063 685 3149 assignari
722 3062 883 3127 militibus
917 3068 951 3127 et
984 3061 1154 3138 scutiferis,
1188 3062 1236 3128 ad
1269 3063 1322 3128 de·

264 3163 462 3230 sendendum
485 3188 630 3252 regnum,
658 3171 692 3230 et
711 3163 802 3251 juste
824 3163 1073 3251 gubernandum
1099 3185 1178 3229 suos
1205 3170 1320 3230 tenen·

264 3269 335 3346 tes;
367 3273 402 3332 et
438 3267 499 3333 hoc
532 3275 616 3333 esset
647 3268 826 3354 proficuum
858 3266 955 3332 valde
986 3287 1094 3353 regno,
1120 3270 1157 3330 et
1195 3265 1323 3332 clericis

265 3369 423 3448 veridicis,
447 3375 481 3435 et
504 3369 646 3434 dominis
666 3374 766 3455 atque
788 3368 1023 3434 communibus

309 3475 337 3536 6.
362 3470 448 3536 Item
473 3473 561 3557 quod
592 3471 793 3538 abominatio
825 3493 944 3558 magna
974 3476 1025 3536 est
1055 3469 1146 3555 quod
1169 3468 1321 3558 episcopi,

263 3579 297 3638 et
334 3573 493 3655 monachi,
532 3581 567 3639 et
601 3575 658 3638 alii
695 3575 838 3639 carnales
871 3573 978 3639 cleriei
1011 3571 1079 3639 sint
1122 3573 1175 3638 ita
1207 3571 1321 3661 magni

264 3675 387 3741 domini
417 3676 453 3741 in
467 3677 615 3756 mundo,
647 3698 688 3742 ex
719 3699 785 3763 quo
816 3674 975 3756 Christus,
1008 3682 1043 3741 et
1073 3673 1145 3760 ejus
1179 3674 1320 3762 apostoli

263 3784 363 3864 atque
378 3779 536 3867 discipuli,
553 3801 721 3865 nunquam
745 3785 935 3865 recepenmt
957 3777 1100 3844 seorrlare
1122 3777 1318 3855 dominium,

263 3904 322 3946 neo
351 3881 415 3947 sibi
445 3883 738 3969 appropriaverunt
770 3881 925 3958 ecclesias,
948 3887 988 3946 ut
1017 3879 1074 3944 isti
1097 3879 1237 3958 faciunt,
1261 3879 1317 3946 sed

262 3985 366 4050 vitam
389 4007 563 4072 pauperem
590 3987 764 4062 duxenmt,
790 3985 825 4048 in
849 3982 1035 4069 exemplum
1059 4003 1196 4048 suorum
1218 4004 1320 4049 sacer

263 4089 384 4153 dotum.
431 4088 476 4153 Et
507 4089 579 4155 ideo
610 4110 720 4153 ornnes
748 4085 916 4151 christiani
946 4085 1103 4150 deberent
1133 4107 1194 4171 per
1224 4106 1316 4151 sum

261 4191 443 4276 potentiam
471 4197 505 4256 et
531 4192 688 4257 virtutem
714 4189 835 4275 jurare,
867 4188 909 4252 ad
935 4187 1156 4253 reducendum
1188 4187 1317 4254 clericos

262 4294 442 4358 mundiales
465 4295 508 4359 ad
538 4292 769 4370 humilitatem,
794 4298 828 4357 et
858 4296 1084 4378 paupertatem
1116 4289 1254 4367 Christi,
1285 4294 1317 4356 et

261 4397 480 4482 apostolorum
515 4419 654 4463 suorum.
725 4395 771 4460 Et
808 4395 837 4460 si
881 4395 954 4480 quis
992 4393 1041 4459 ita
1084 4414 1153 4459 non
1192 4391 1314 4473 fecerit,

262 4501 398 4565 assentit
420 4500 542 4566 haeresi
1113 4532 1117 4539 ·

306 4601 335 4674 7.
361 4600 447 4668 Item
479 4600 616 4670 damnat
647 4600 704 4668 illa
738 4599 803 4668 duo
838 4595 983 4687 capitula
1017 4594 1057 4664 de
1095 4594 1314 4668 immunitate
