3008 5490
243 737 286 802 52
552 747 732 799 reserem
752 745 981 798 nzsmosuu.

242 938 420 1004 declinaret
447 938 491 1001 sb
522 937 595 1011 siis
626 937 684 1001 sed
714 936 802 1020 quod
827 935 938 1021 posuit
962 933 1044 997 duas
1068 930 1294 1017 responsiones

242 1041 285 1104 od
317 1039 408 1103 illem
437 1039 674 1113 auctoritatem,
708 1037 793 1102 siout
821 1042 856 1102 et
882 1058 942 1122 ego
964 1035 1026 1100 feei
1048 1034 1236 1119 frequenter
1258 1032 1295 1098 iu

288 1242 380 1307 Dicit
407 1248 520 1306 tamen
553 1241 677 1306 Doctor
707 1241 795 1325 quod
823 1261 890 1304 non
913 1244 1014 1324 neget
1038 1236 1296 1323 propositionem

242 1343 406 1421 Jeremiee
443 1365 502 1407 nee
538 1343 791 1429 propositionem
828 1362 945 1418 meam,
981 1362 1059 1404 nem
1098 1340 1163 1402 ists
1192 1337 1297 1402 verbs

243 1446 358 1509 scribit
382 1444 542 1530 Magister
565 1444 605 1507 de
632 1467 691 1507 me.
747 1453 766 1479 ‘⁴
779 1440 947 1522 Quando,”
969 1441 1089 1526 inquit,
1122 1438 1296 1524 “imponit

245 1557 263 1582 “
275 1546 356 1610 mihi
381 1547 469 1631 quod
488 1568 588 1609 mmm
608 1545 801 1630 positionem
817 1543 982 1629 integrum
1004 1563 1105 1626 quum
1130 1541 1154 1604 J
1156 1539 1295 1604 eremias

243 1654 264 1684 “
285 1650 424 1712 asserint
471 1669 554 1732 nego
601 1667 669 1710 esse
706 1667 827 1720 verum,
866 1645 1028 1709 claudicat
1076 1644 1113 1706 in
1159 1641 1296 1705 duobus

243 1759 262 1787 “
286 1749 426 1828 Primo‚’'
448 1748 566 1834 inquit
591 1748 653 1810 “in
668 1747 729 1811 hoc
752 1746 840 1831 quod
860 1747 993 1811 videtur
1017 1750 1135 1831 putere
1158 1744 1188 1808 si
1211 1748 1296 1828 nego

244 1857 263 1887 “
286 1851 374 1934 quod
396 1856 504 1935 putres
533 1853 747 1934 peoneverrmt
776 1853 811 1912 et
842 1870 908 1912 non
941 1853 1027 1921 sunt,
1063 1853 1099 1911 et
1131 1844 1298 1910 Jeremias

244 1951 372 2014 “dixit
405 1951 503 2014 talem
533 1949 794 2035 propositionem,
819 1955 898 2013 tune
928 1970 1012 2034 nego
1038 1947 1296 2033 propositionem

243 2057 261 2085 “
283 2073 382 2134 qumn
422 2049 583 2114 Jeremiss
627 2052 774 2115 asseruit
842 2050 905 2114 Vel
949 2051 977 2114 si
1021 2047 1137 2134 neg0,''
1176 2048 1297 2133 inquit,

242 2151 539 2235 “propositionem
569 2172 672 2229 susm,
710 2152 796 2215 sieut
831 2174 898 2216 non
938 2151 1047 2230 faei03
1093 2156 1174 2214 tunc
1212 2171 1297 2234 nego

241 2251 535 2336 “propositionem
571 2250 754 2317 Jeremiaeff
819 2252 903 2317 Eooe
941 2253 994 2316 hic
1028 2272 1180 2336 expresse
1216 2250 1298 2315 dicit

242 2350 365 2415 Ductor
396 2353 483 2436 quod
520 2372 587 2417 non
623 2360 724 2437 negat
765 2354 1020 2440 propositionem
1061 2373 1181 2432 meum,
1220 2372 1297 2415 curn

241 2459 353 2516 tumen
389 2453 537 2539 superius
567 2453 603 2516 in
634 2455 840 2538 responsione
872 2457 916 2519 ud
951 2456 1013 2519 hoo
1049 2458 1295 2538 argumentum,

242 2554 394 2620 ‘Patres
423 2553 534 2619 nostri
563 2563 785 2639 procreverunt
815 2563 845 2620 et
874 2578 947 2620 non
979 2562 1087 2631 surm
1120 2576 1199 2640 ergo
1230 2577 1297 2618 nou

242 2656 385 2720 ‘omnia
407 2678 481 2740 qum
504 2655 638 2720 fuenmt
660 2656 756 2734 srmt'
782 2657 831 2720 its
863 2657 951 2719 dixit
986 2655 1154 2740 Magister.
1201 2655 1298 2721 “Pro

243 2763 262 2790 “
285 2757 349 2820 isto
388 2757 610 2843 mgumento,”
647 2757 766 2841 inquit,
796 2764 814 2792 “
837 2757 976 2821 oonoedo
1017 2757 1296 2841 consequentiam

242 2865 260 2891 ‘⁴
283 2864 318 2921 et
341 2880 426 2944 nego
459 2857 645 2923 minorem'‘
704 2858 873 2936 Quomodo
906 2879 985 2942 ergo
1008 2862 1110 2942 negat
1134 2859 1298 2921 minorem

240 2960 429 3040 nngumenti
462 2962 536 3032 mei,
570 2966 604 3024 et
640 2980 704 3022 non
740 2965 838 3043 negat
870 2959 1126 3043 propositionem
1165 2963 1300 3023 meam?

240 3078 314 3118 eum
340 3059 395 3119 illa
431 3060 563 3122 nonsit
594 3060 769 3144 propositio
800 3059 822 3123 J
825 3060 962 3137 eremiae,
988 3060 1169 3123 secundum
1210 3082 1299 3139 eum,

238 3155 295 3216 sed
318 3156 412 3231 mes‚¹
436 3165 587 3234 turtum3
626 3168 660 3221 et
689 3166 815 3223 eorstst
845 3161 932 3243 quod
959 3161 1111 3244 negando
1133 3161 1297 3227 minorem

237 3259 337 3329 negat
376 3259 481 3314 totum
521 3259 720 3322 antecedens
768 3261 805 3324 Si
835 3282 912 3345 ergo
943 3282 1008 3323 non
1040 3268 1141 3346 negat
1180 3284 1301 3346 propo-

235 3346 386 3408 sitionem
426 3372 540 3427 meum,
573 3357 679 3420 neseio
717 3362 878 3442 quomodo
911 3361 1085 3447 respondet
1116 3361 1161 3426 ad
1200 3385 1299 3448 argu-

234 3449 382 3505 mentmn
399 3467 516 3509 meum.

277 3540 440 3604 Similiter
455 3546 535 3609 dicit
552 3550 713 3636 Mugister
729 3580 820 3622 meus
836 3561 920 3625 inim
947 3563 980 3625 in
1005 3564 1120 3627 eudem
1144 3567 1296 3642 materia,

231 3640 339 3748 quod·
358 3661 424 3701 non
465 3654 573 3726 negat,
614 3655 669 3715 sed
710 3661 859 3723 coneedit
896 3663 994 3726 istum
1035 3667 1297 3749 prOPOSiiiORQm

229 3742 429 3842 negativam,
455 3737 574 3807 Patres
598 3755 700 3814 nostri
717 3778 782 3820 non
809 3768 897 3839 smrt,
929 3770 963 3826 et
990 3786 1122 3828 sensum
1152 3768 1226 3851 ejus
1257 3770 1299 3833 de

227 3835 355 3943 virtute
378 3839 545 3900 sermonis
603 3847 774 3922 Quomodo
813 3880 891 3943 ergo
923 3870 1024 3948 negat
1054 3889 1127 3929 eam
1162 3871 1299 3952 quondo

226 3932 277 3988 est
310 3949 419 3992 mmm
449 3946 637 4017 srgrmreuti
664 3953 737 4029 mei,
769 3978 812 4018 ex
842 3982 909 4041 quo
940 3964 1012 4045 jum
1041 3969 1195 4032 coneedit
1223 3993 1298 4034 esm

225 4024 266 4083 1¹²²
289 4026 415 4090 Virtute
439 4039 619 4102 strumis?
665 4047 743 4113 Ideo
767 4056 887 4121 redueo
919 4073 1157 4131 aruumentum
1183 4092 1297 4134 meum

223 4121 312 4199 qumi
337 4132 409 4185 emt
434 4127 509 4203 tale,
955 4117 976 4146 ὓ

223 4233 325 4297 ‘ergo
352 4241 418 4283 nun
447 4230 556 4291 ornum

532 4134 671 4205 'Patres
685 4153 798 4213 nostri
812 4177 911 4235 pecua
918 4182 994 4226 veru
1003 4173 1041 4229 nt
1052 4175 1082 4230 et
1099 4191 1174 4234 eron
1190 4180 1298 4248 emm

587 4258 661 4316 quse
685 4244 818 4313 fuenmt
857 4261 954 4323 sunt!
1009 4265 1175 4351 Magister
1202 4293 1297 4336 meus

223 4420 395 4433 ...ξω-ὓ
415 4429 548 4442 -υὲ,

688 4451 849 4469 “-Ἆ“
860 4467 876 4473 “

623 4575 630 4603 ¹
643 4580 707 4642 mea]
727 4597 816 4645 meam,
829 4592 884 4644 MS.
