3158 5490
259 627 323 700 472
661 640 839 692 aerarum
860 642 907 693 or

259 830 344 896 Cum
375 829 475 893 Pater
489 834 524 894 et
547 828 694 895 Verbum
716 829 784 895 sint
805 851 910 894 unum
940 828 1093 894 omnino
1118 827 1327 904 indivisibile,

259 932 337 1016 quia
358 930 498 995 essentia
520 953 595 1016 quae
608 953 668 996 nec
683 932 877 1017 qualitative
899 952 961 996 nec
983 931 1228 1016 quantitative
1249 951 1327 995 oom-

259 1032 412 1118 ponitur;
457 1031 531 1096 ideo
576 1054 668 1097 mens
713 1038 764 1098 est
808 1032 922 1098 docilis
969 1033 1018 1096 ad
1071 1032 1329 1119 impertinentes

259 1134 459 1219 arguendum
498 1133 540 1197 ab
578 1134 724 1199 inferiori
761 1135 803 1199 ad
834 1156 931 1199 suum
963 1133 1136 1220 superius,
1173 1130 1267 1220 quia¹
1287 1153 1324 1197 ex

259 1235 390 1320 partiali
420 1234 635 1300 similitudine
658 1242 815 1302 creaturae
837 1235 880 1299 ad
902 1234 1112 1300 Trinitatem
1146 1235 1322 1301 inoreatm

259 1337 370 1423 arguit
422 1336 642 1402 omnimodam
688 1344 722 1404 ct
766 1337 803 1402 in
847 1336 1000 1403 omnibus
1055 1336 1321 1403 similitudinem

262 1438 316 1502 Sic
354 1437 442 1503 enim
480 1444 588 1524 posset
625 1439 797 1505 haeretieus
834 1439 904 1503 sine
941 1436 1115 1503 occasione
1155 1439 1247 1515 data,
1282 1458 1322 1502 ex

261 1541 349 1607 dicto
371 1540 394 1606 J
397 1540 541 1615 ohannis,
570 1539 647 1606 Trea
680 1547 763 1605 aurat
792 1536 855 1626 qai
884 1537 1132 1605 taatimmaiam
1163 1538 1256 1607 dam
1282 1538 1321 1605 ia

262 1649 360 1720 terro,
383 1641 465 1718 etc.,2
488 1663 601 1728 capere
627 1641 706 1727 quia
727 1642 827 1707 Pater
851 1647 935 1707 esset
958 1640 1141 1727 perfectior
1169 1640 1265 1719 Filio,
1289 1646 1322 1707 et

264 1745 368 1808 arua
393 1743 521 1830 Spiritu
545 1743 675 1820 saaca,
697 1728 732 1809 el
757 1743 845 1829 quoa
870 1741 1010 1827 quma
1034 1747 1153 1828 poma
1179 1741 1320 1830 separari

262 1868 283 1910 a
303 1846 436 1929 reliquo,
453 1845 613 1909 credendo
627 1844 716 1929 quod
738 1850 817 1910 sunt
837 1844 1033 1909 substantiae
1054 1844 1317 1931 impertinentes

261 1948 349 2011 sicut
373 1951 452 2011 sunt
474 1946 617 2031 spiritus,
641 1967 728 2031 aqua
750 1951 784 2013 et
806 1946 939 2033 sanguis
960 1945 1156 2032 figurantes

307 2046 371 2111 Per
385 2047 446 2111 hoc
468 2051 561 2132 patet
582 2048 749 2134 responsio
767 2049 810 2114 ad
830 2047 965 2113 tertium
980 2053 1223 2133 argumentum
1239 2047 1319 2114 Doo

263 2148 353 2226 toris,
377 2169 442 2233 quo
466 2149 584 2233 quaerit
607 2149 635 2214 si
657 2150 798 2216 essentia
819 2171 893 2235 quae
915 2154 967 2215 est
984 2148 1058 2215 haec
1081 2149 1152 2217 tria
1176 2151 1225 2216 sit
1245 2151 1317 2215 sim·

261 2249 338 2334 plex
353 2254 412 2313 aut
432 2250 618 2335 composita
663 2250 802 2327 Dicitur,
823 2256 863 2316 ut
887 2250 968 2315 alias
992 2249 1114 2316 diffuse
1129 2251 1216 2332 dini,
1231 2251 1316 2338 quod

263 2355 312 2415 est
342 2356 376 2414 et
400 2350 539 2436 simplex
562 2356 597 2416 et
626 2352 805 2438 composita
817 2377 826 2433 ;
858 2352 996 2438 simplex
1026 2374 1048 2417 a
1077 2354 1316 2439 compositione

262 2474 305 2517 ex
320 2452 386 2517 suis
408 2453 557 2537 partibus
579 2453 792 2537 qualitativis‚
816 2459 851 2518 et
872 2452 1055 2539 composita
1082 2474 1129 2518 ex
1151 2455 1224 2521 suis
1245 2477 1317 2543 par·

262 2553 352 2619 tibus
373 2555 612 2640 quantitativis.
652 2554 802 2620 Concedo
820 2560 932 2621 tamen
952 2576 1028 2621 eum
1051 2553 1217 2621 Boethio⁸
1231 2555 1316 2642 quod

262 2660 370 2720 totum
408 2655 590 2721 universale
619 2660 670 2721 est
699 2656 857 2741 quaelibet
887 2657 957 2742 ejus
989 2678 1064 2742 pars
1093 2657 1314 2734 substantiva,

260 2757 337 2822 licet
374 2764 482 2823 totum
519 2758 679 2843 integrale
712 2757 843 2822 differat
880 2781 901 2823 a
937 2757 1085 2844 qualibet
1122 2780 1185 2823 sua
1223 2766 1315 2845 parte

262 2859 486 2943 quantitativa
508 2863 567 2922 aut
582 2857 787 2942 qualitativa
834 2858 934 2924 Unde
957 2859 1046 2924 diota
1067 2858 1218 2945 simplex,
1240 2860 1315 2925 licet

261 2983 328 3026 non
355 2960 399 3025 sit
425 2958 636 3046 qualitative⁴
659 2960 839 3046 composita
861 2982 904 3026 ex
927 2960 1067 3026 materia
1084 2966 1119 3026 et
1135 2960 1250 3039 forma,
1267 2967 1315 3026 est

262 3068 372 3127 tamen
411 3061 607 3146 qualitative
643 3062 869 3148 conrpoaitum,
900 3061 978 3147 quia
1015 3062 1211 3147 compositio
1240 3082 1315 3147 quas

262 3164 457 3249 qualitative
487 3162 699 3249 componitur,
731 3170 771 3228 ut
801 3163 942 3229 essentm
978 3162 1099 3239 divina,
1130 3185 1199 3229 non
1230 3186 1314 3228 com·

261 3267 394 3352 ponitur
418 3287 461 3330 ex
487 3286 617 3351 corpore
644 3271 678 3329 et
701 3265 819 3341 anima
843 3270 878 3329 et
903 3269 1014 3328 tamen
1040 3270 1091 3328 est
1118 3264 1312 3348 qualitative

261 3369 439 3455 composita
469 3388 510 3431 ex
541 3387 672 3452 corpore
702 3371 738 3431 et
766 3366 884 3429 anima.
933 3364 1093 3444 Quamvis
1123 3365 1229 3450 igitur
1254 3387 1312 3430 nec

261 3471 400 3535 materia
429 3491 488 3534 nec
516 3470 622 3533 sonna
651 3467 695 3531 sit
725 3488 800 3555 pars
830 3467 918 3530 illius
944 3465 1101 3540 essentiae,
1127 3470 1311 3532 esttamen

261 3593 336 3656 para
359 3571 552 3635 substantiae
574 3591 648 3655 quae
669 3572 719 3633 est
739 3569 797 3633 illa
814 3567 954 3632 essentia
965 3589 974 3645 ;
995 3572 1035 3632 ut
1055 3586 1173 3653 eorpus
1188 3567 1311 3634 Christi

260 3678 295 3735 et
309 3671 428 3747 anima,
444 3672 594 3756 quamvis
613 3692 679 3735 non
706 3670 774 3734 sint
799 3675 909 3755 partes
931 3673 1060 3734 naturae
1084 3669 1216 3746 divinae,
1233 3678 1310 3734 sunt

260 3779 371 3836 tamen
391 3777 500 3857 partes
520 3772 723 3845 substantiae,
749 3771 827 3856 quia
853 3770 1006 3836 Hominis
1030 3770 1088 3854 qui
1114 3777 1167 3835 aa
1192 3778 1311 3836 natura

261 3873 395 3941 divina
411 3920 418 3935 .
435 3921 441 3935 .
458 3922 464 3936 .
483 3870 613 3937 taciter⁶
628 3872 731 3958 igitur
752 3872 905 3961 proponit
933 3870 1014 3936 mihi
1041 3870 1168 3937 Doclor
1190 3872 1311 3938 multas

498 4088 538 4096 --
545 4087 656 4096 -ῳ
666 4088 736 4096 ...u-.-
738 4087 837 4096 ..n—...—

293 4233 370 4301 ἰιῐ
372 4233 450 4301 ]ιιί
461 4233 518 4287 MS
838 4232 973 4299 ᾳκιαιωιι·
973 4233 1012 4299 ve]
1027 4231 1275 4300 reaqmanaee

292 4315 441 4366 ²1J0hnv
441 4321 483 4368 ..8
1193 4320 1231 4429 ἓ

292 4392 577 4459 ³aarrwansoyrus.
612 4314 782 4449 semul
837 4385 865 4435 ³
779 4227 1183 4496 lumerwl’tllv
1247 4382 1304 4435 us

259 4471 482 4537 inPorphyrium,
449 4471 541 4522 mi.lb
553 4487 577 4522 v.
590 4471 653 4536 Opp.
665 4487 689 4537 p
703 4477 757 4531 110,
776 4452 781 4576 ΙΙ

257 4551 296 4600 ed.
310 4555 381 4602 1570.
