3008 5490
522 760 647 812 rmum
670 760 743 810 run
765 760 978 814 uocumurs.
1054 835 1059 839 .
1202 749 1262 812 481

653 1401 657 1408 ¹
712 1413 785 1492 111.

224 1642 289 1713 DE
323 1641 730 1712 CONDEMNATIONE
758 1642 850 1711 XIX.
875 1642 1269 1713 CONCLUSIONUM.¹

271 1853 352 1921 CUM
377 1857 555 1922 secundum
585 1859 769 1945 apostolum
795 1858 837 1922 ad
862 1858 1019 1923 Hebraeos
1047 1874 1102 1932 xl,
1127 1857 1207 1921 fides
1230 1857 1273 1921 sit
1287 1868 1335 1919 We
1346 1873 1413 1919 murt

223 1955 477 2022 fundamentum
508 1959 694 2025 christianae
731 1959 905 2046 religionis,
937 1964 971 2024 et
1001 1964 1131 2024 scutum
1161 1962 1274 2023 tutum
1286 1933 1440 2065 ppgpretpnd

224 2063 339 2122 eontra-
377 2060 487 2124 omnia
523 2061 591 2125 tela
628 2062 776 2140 diaboli;
823 2066 984 2146 quantum
1023 2060 1178 2124 debemus
1215 2081 1274 2123 nos
1287 2066 1380 2143 softhe

225 2158 369 2246 theologi
407 2182 488 2246 quos
526 2162 617 2227 Deus
654 2163 787 2228 vocavit
824 2169 984 2247 tauquam
1029 2163 1203 2227 advocatos
1241 2132 1355 2228 etfmb'

226 2259 408 2327 defensores
452 2285 520 2328 suae
564 2264 650 2342 fidei,
689 2271 775 2329 stare
821 2264 918 2330 simul
951 2265 987 2328 in
1023 2264 1096 2340 fide,
1136 2263 1276 2327 viriliter

225 2384 321 2449 agere
336 2368 371 2429 et
385 2364 561 2432 confortari
584 2366 620 2429 in
642 2366 785 2430 Domino
807 2387 866 2452 pro
881 2365 1025 2432 mercede
1048 2364 1274 2430 retributionis

226 2469 366 2532 aetemae.

273 2565 370 2632 Fides
407 2573 518 2634 autem
556 2569 733 2634 christiana
767 2577 817 2634 est
856 2569 1025 2655 Scriptura
1062 2590 1159 2642 sacra,
1201 2588 1275 2651 quae
1288 2579 1434 2644 ForSorio

226 2667 328 2733 lubet
365 2669 462 2734 hodie
500 2671 623 2736 multos
653 2671 900 2757 impugnantes²
923 2677 992 2735 tam
1030 2668 1130 2732 verbo
1176 2689 1275 2753 quam
1288 2646 1400 2696 ΨΜ

1290 2727 1346 2761 now
1357 2726 1435 2775 many

226 2791 329 2855 opere.
398 2770 507 2837 Hodie
552 2795 694 2858 namque
739 2773 910 2837 invalescit
953 2770 1062 2856 opinio
1107 2770 1276 2835 doctorum
1289 2779 1441 2842 impugner,

227 2870 428 2936 tmditionis³
456 2872 608 2940 humanae
638 2874 817 2940 dicentium
848 2873 986 2959 quodsi
1017 2872 1090 2958 quis
1120 2871 1185 2936 siat
1214 2893 1278 2955 pap
1290 2844 1430 2974 {fffflssff

226 2976 307 3038 tunc
337 2980 387 3038 est
416 2975 641 3060 impeccabilis,
666 2976 782 3040 saltem
814 2974 1006 3050 mortaliter,
1032 2979 1066 3038 et
1087 2995 1145 3058 per
1168 2993 1278 3037 conse-
1292 2975 1445 3037 eruerope

227 3096 332 3160 quens
355 3077 383 3139 si
408 3077 489 3161 quid
514 3078 695 3142 arbitratur
719 3076 772 3140 vel
795 3077 935 3152 ordinat,
961 3079 1040 3140 tunc
1064 3081 1113 3140 est
1139 3074 1276 3157 justum,
1293 3039 1410 3093 abovett

227 3197 302 3241 cum
318 3176 463 3262 epistolae
486 3200 554 3243 suae
576 3178 629 3243 vel
651 3178 866 3264 parificantur
888 3176 1068 3263 evangelio,
1093 3175 1145 3238 vel
1168 3196 1278 3259 super-

228 3283 288 3341 ant
313 3278 517 3355 auctoritate,
534 3301 573 3343 eo
599 3279 687 3364 quod
713 3300 780 3343 non
803 3278 867 3342 nisi
892 3299 950 3362 per
973 3298 1047 3341 eum
1072 3275 1158 3340 credi
1182 3275 1279 3339 debet

228 3379 405 3465 evangelio.
475 3380 520 3444 Et
549 3382 595 3445 sic
625 3403 710 3467 papa
739 3386 850 3465 potest
880 3377 1059 3463 quemlibet
1088 3376 1207 3439 librum
1239 3376 1278 3439 de

228 3502 350 3546 canone
371 3480 562 3567 Scriptuue⁴
588 3482 778 3546 subtrahere
802 3486 837 3544 et
860 3500 982 3543 novum
1012 3476 1137 3550 addere,
1162 3481 1196 3539 et
1222 3498 1280 3561 per

229 3603 427 3667 consequeus
464 3581 585 3667 potest‘
624 3589 730 3647 totum
768 3581 911 3645 Bibliam
949 3580 1113 3652 innovare,
1152 3581 1186 3640 et
1223 3598 1280 3662 per

229 3705 426 3768 consequens
449 3690 554 3748 totam
578 3683 781 3771 Scripturam
804 3677 942 3747 sacram⁶
956 3680 1151 3753 lraereticare,
1169 3683 1202 3742 et
1225 3700 1281 3762 op·

228 3785 373 3870 positum
396 3784 582 3851 christianin
604 3786 680 3850 fidei
704 3784 905 3849 catholieare.
954 3780 1033 3845 Ideo
1057 3779 1155 3843 debet
1181 3779 1278 3842 chris·

231 3886 404 3952 tianismus
434 3885 519 3974 plus⁷
549 3887 718 3952 attendere
748 3887 791 3950 ad
821 3886 925 3949 vitam
957 3903 1048 3947 suam
1079 3881 1280 3956 mutandam,

506 4077 637 4084 .—---—
672 4077 732 4082 -mm-
744 4077 761 4081 -
771 4078 775 4081 r
789 4077 794 4081 .
811 4076 870 4081 ...m
892 4073 1037 4080 -<>,..7.0--2
1047 4073 1085 4077 ..-

265 4211 272 4240 ¹
286 4210 327 4258 De
338 4237 372 4246 -
386 4209 583 4274 Conclusiouum]
616 4210 733 4273 Heoding
820 4213 830 4240 ⁸
842 4209 993 4274 traditionis]
1007 4206 1137 4272 opinionis,
1150 4207 1178 4256 C.

231 4288 258 4336 in
271 4288 292 4337 C
304 4287 458 4350 :—Epirtola
477 4287 593 4352 Magistri
609 4287 733 4336 Johannis
821 4289 829 4316 ⁴
843 4286 992 4350 Scriptum]
1005 4301 1082 4335 saera
1095 4284 1237 4348 Scriptura,
1249 4284 1277 4332 (t

232 4366 342 4430 Wyclyf
360 4367 407 4414 tub
429 4365 516 4430 ignoto
538 4363 638 4413 nomine
660 4364 734 4422 edita,
821 4365 930 4429 ὅροεαιε]
943 4378 991 4412 om.
1004 4363 1038 4412 V.

232 4445 264 4493 ad
283 4445 470 4507 provocandum
487 4443 690 4507 aliortheologos
707 4443 734 4490 iu
761 4446 764 4479 ¹
821 4442 950 4506 ‘rucrom]
964 4456 1012 4491 om.
1026 4441 1054 4490 C.

232 4523 285 4571 suis
307 4523 478 4586 questionibus
500 4523 550 4582 (rd.
569 4521 734 4570 conclusioni·
822 4519 1041 4568 'christianismus
1085 4515 1155 4581 plur]
1207 4515 1285 4564 cbris-

234 4602 294 4662 bus)
305 4600 352 4648 sibi
365 4601 531 4664 adquiescere.
790 4598 939 4648 tianiasimus
951 4597 1062 4660 populus,
1075 4594 1104 4644 (¹.

267 4680 277 4709 ¹
290 4678 468 4750 impuynunter]
483 4678 676 4747 impugnatores,
689 4677 718 4725 C.

1124 4766 1150 4812 Π
1175 4766 1200 4812 H
