3158 5490
265 724 331 793 388
577 732 756 788 rescieris
778 708 1004 786 zrzmronm.
1103 792 1106 797 ,

265 929 329 1015 ipsi
358 925 535 994 conficiunt
564 927 804 991 sacramentum
834 924 948 991 alteris
978 923 1248 1012 quandocunque
1278 923 1322 992 eis

264 1030 379 1117 placet,
411 1051 453 1094 ne
483 1029 566 1093 forte
598 1028 688 1093 Deus
718 1050 785 1093 non
816 1033 968 1114 operetur
999 1049 1076 1093 eum
1106 1027 1166 1105 eis,
1198 1030 1228 1094 si
1264 1027 1322 1095 boc

264 1133 370 1197 velint
394 1153 436 1197 ex
462 1130 643 1216 cupiditate
668 1130 723 1195 vel
744 1130 907 1216 jactantia
933 1151 1001 1195 sure
1031 1128 1234 1215 potestatis¹
1279 1130 1322 1196 Et

264 1235 338 1299 ideo
377 1232 537 1319 simplices
567 1231 686 1298 volunt
716 1232 850 1297 adorere
880 1231 965 1296 illud
1001 1237 1252 1299 sacramentum
1287 1232 1320 1297 in

263 1337 325 1402 hac
348 1336 526 1413 dubietate,
551 1357 626 1400 cum
649 1335 751 1400 tacita
776 1335 971 1411 conditione,
996 1334 1026 1400 si
1049 1335 1229 1401 conficitur
1251 1356 1321 1401 auo-

264 1440 399 1506 toritate
424 1439 547 1515 divina,
574 1442 609 1504 et
628 1437 748 1504 habere
776 1436 984 1504 devotionem
1010 1457 1106 1521 suam
1138 1438 1185 1503 ad
1210 1458 1320 1524 emptus

266 1541 389 1608 Christi
411 1542 448 1606 in
469 1541 558 1607 coelo.

311 1648 339 1713 3.
364 1643 452 1711 Item
489 1643 576 1728 quod
616 1643 810 1728 presbyteri,
850 1642 878 1708 si
915 1641 983 1709 sint
1020 1642 1212 1708 sacerdotes
1250 1642 1318 1721 Dei,

266 1752 344 1812 sunt
377 1746 527 1832 episcopi,
555 1745 693 1831 praelati,
710 1750 744 1809 et
771 1744 876 1809 curati
899 1743 1156 1811 christianorum
1184 1745 1319 1812 fratrum

265 1870 407 1925 suorum,
431 1870 512 1932 quos
539 1852 674 1933 possunt
699 1846 815 1912 ducere
839 1846 881 1911 ad
904 1845 1023 1911 ooelum
1048 1867 1109 1932 per
1131 1846 1318 1934 exemplum

265 1957 386 2014 sanctae
409 1949 673 2024 conversationis,
700 1955 734 2014 et
756 1948 1021 2034 praedicationem
1045 1949 1224 2034 evangelii,
1248 1949 1318 2013 licet

265 2073 331 2114 non
361 2050 483 2115 sociant
512 2050 705 2115 sacrificium
736 2049 941 2114 Antichristo
968 2050 1009 2114 de
1041 2048 1150 2114 Roma
1178 2072 1239 2137 pro
1264 2072 1317 2115 stra

265 2152 518 2228 confirmatione,
546 2175 606 2218 nec
630 2153 697 2218 siut
724 2152 909 2238 desponsati
933 2151 1056 2217 mundo
1083 2173 1145 2239 per
1165 2151 1318 2219 secularia

265 2254 418 2330 dominia,
462 2258 497 2319 et
536 2256 816 2341 consumptionem
861 2253 969 2320 rictus
1005 2275 1201 2340 pauperum,
1239 2256 1317 2322 sicut

265 2345 343 2421 sunt
365 2357 522 2423 seculares
545 2358 693 2445 episcopi,
718 2358 855 2444 praelati,
880 2363 913 2423 et
935 2357 1047 2422 curati

310 2461 339 2522 4.
364 2458 451 2523 Item
473 2459 562 2543 quod
584 2460 661 2524 licet
694 2459 804 2525 nullus
828 2464 912 2525 esset
934 2481 1019 2545 pape
1041 2458 1227 2527 secundum
1249 2482 1317 2527 con·

265 2561 473 2627 suetudinem
489 2560 639 2640 ecclesiae,
656 2560 763 2627 adbuc
779 2561 936 2638 Christus,
953 2561 1010 2646 qui
1031 2566 1082 2626 est
1105 2568 1210 2648 caput
1225 2562 1318 2629 eccle

265 2664 330 2741 siae,
353 2663 453 2728 talem
477 2663 607 2727 ordinat
627 2685 746 2749 papam
767 2664 809 2729 ad
836 2686 931 2728 suum
957 2663 1099 2740 libitum,
1118 2664 1318 2752 quiscunque

266 2771 315 2830 est
345 2766 450 2850 magis
487 2764 628 2841 humilis,
669 2769 703 2829 et
740 2765 857 2830 melius
887 2765 967 2830 facit
1005 2764 1151 2830 officium
1175 2768 1318 2832 sacerdo·

264 2867 315 2942 tis,
333 2866 409 2931 licet
434 2867 488 2930 ille
516 2867 638 2931 mundo
664 2867 854 2952 ignoretur.2
899 2867 945 2932 Et
971 2867 1049 2932 licet
1072 2867 1188 2934 nullus
1212 2866 1318 2956 [fiatp

265 2969 431 3054 episcopus
469 2991 527 3053 per
572 2968 838 3034 sublimationem
875 2990 971 3055 super
1017 2969 1099 3034 alios
1140 2971 1319 3036 secundum

264 3070 532 3135 consuetudinem
563 3070 723 3151 ecclesiec3
756 3076 868 3135 tamen
893 3093 1003 3136 omnes
1028 3071 1217 3138 sacerdotes
1239 3073 1319 3140 bene

263 3176 399 3257 possunt
414 3194 524 3257 regere
540 3172 704 3236 ecclesiam
729 3195 786 3258 per
810 3195 1014 3238 communem
1038 3194 1220 3251 assensum,
1238 3177 1320 3242 sicut

263 3274 446 3359 aliquando,
478 3275 667 3360 priusquam
706 3276 856 3361 superbie
886 3275 1061 3341 mundialis
1103 3284 1191 3342 esset
1236 3279 1320 3344 inter

263 3376 451 3442 sacerdotes.
499 3376 651 3463 Episcopi
668 3377 762 3442 'enim
785 3383 863 3443 sunt
885 3400 982 3464 super
1004 3377 1085 3442 alios
1099 3379 1319 3465 presbyteros,

262 3479 367 3563 magis
397 3501 456 3564 per
486 3480 753 3545 consuetudinem
783 3481 933 3558 ecelesiae,
966 3502 1066 3567 quam
1097 3503 1160 3567 per
1193 3483 1322 3548 ordina·

262 3580 386 3644 tionem
422 3581 492 3646 Dei.
551 3581 597 3646 Et
626 3583 775 3668 quamvis
805 3582 914 3649 nullus
943 3583 1115 3671 presbyter
1147 3590 1236 3651 esset
1265 3607 1321 3672 per

261 3682 396 3746 modum
419 3683 579 3748 usitatum
602 3706 689 3750 nunc
703 3685 744 3750 de
759 3686 942 3771 receptione
965 3685 1097 3762 ordinis,
1114 3690 1152 3750 et
1175 3693 1318 3753 tonsurae

261 3805 319 3868 per
357 3784 544 3871 episcopum
590 3786 765 3853 secularem
814 3794 848 3853 et
885 3787 955 3873 ejus
992 3793 1171 3866 tonsorem,
1212 3789 1318 3855 adhuc

263 3885 412 3952 Christus
442 3887 503 3952 scit
529 3887 632 3954 facere
662 3911 700 3954 ac
727 3889 844 3976 eligere
867 3910 964 3975 quem
988 3889 1052 3955 sibi
1080 3889 1253 3977 placuerit,
1277 3891 1319 3957 ad

851 4081 1159 4089 ——.,--—-—
1167 4084 1198 4090 -.-.
1206 4084 1285 4091 -.υ-..-
1295 4083 1316 4088 .-

294 4199 459 4267 ¹potestatis]
491 4204 557 4254 Note
582 4204 609 4254 iu
630 4206 673 4256 the
695 4213 763 4258 uan-
841 4205 1002 4273 *ignoretud
1034 4207 1102 4258 Note
1133 4207 1160 4257 in
1184 4210 1229 4260 tbe
1252 4219 1318 4261 trau·

260 4277 763 4352 scriber’swritinge-“Notaquomedo
808 4286 921 4338 seriber's
953 4284 1219 4351 aritingz-‘·Xota
1252 4289 1317 4354 qnod

261 4360 275 4383 ·‘
286 4355 372 4407 dieunt
383 4361 535 4411 sacerdotem
553 4362 718 4416 celebrantem
730 4381 762 4414 ex
808 4366 895 4416 “dicit
912 4365 1081 4415 humillimum
1099 4368 1247 4418 mortalium
1265 4383 1316 4419 esse

260 4436 420 4499 “cupiditate
443 4440 543 4491 missam
563 4457 614 4493 non
631 4444 762 4503 conficere,
809 4445 948 4510 “papam''

261 4518 276 4539 ‘¹
289 4515 348 4576 quie
363 4531 414 4565 non
431 4518 562 4570 conficitur
577 4521 626 4572 nisi
643 4533 763 4589 quatenus
841 4525 921 4590 'fiut]
935 4524 1017 4574 notin
1029 4523 1086 4576 MS.

265 4592 361 4642 “Deus
383 4605 535 4661 cooperatur,
558 4603 601 4651 sed
628 4602 671 4652 hie
694 4604 763 4654 Deus

259 4675 276 4697 ⁸¹
287 4685 337 4720 non
349 4684 501 4738 cooperatur,
513 4677 557 4741 sic,
569 4680 630 4730 ete!
