3158 5490
294 691 358 756 106
605 699 782 751 rascrcuar
804 697 1029 748 mosum

291 911 365 976 quae
399 887 609 973 pertinaciter
635 886 817 951 defenderit
847 884 935 970 quod
964 888 1202 949 sacramentum
1229 883 1346 950 altaris

292 997 343 1055 est
364 990 458 1077 panis
482 1012 540 1075 per
565 1010 599 1053 se
626 988 777 1063 existens,
802 987 839 1051 in
860 993 981 1051 natura
1002 986 1170 1051 infinitum
1185 986 1345 1073 abjectior

291 1114 329 1156 ac
351 1091 569 1176 imperfectior
591 1112 675 1176 pane
695 1090 823 1174 equino.
861 1175 864 1182 Ι

338 1196 388 1257 11.
414 1192 606 1277 Quicunque
636 1191 844 1277 pertinaciter
881 1189 1061 1254 defenderit
1098 1190 1187 1275 quod
1216 1189 1345 1254 dictum

291 1299 529 1359 sacramentum
544 1294 588 1357 sit
602 1293 757 1369 accidens,
775 1292 923 1378 qualitas,
947 1292 1124 1376 quantitas,
1148 1298 1207 1356 aut
1231 1312 1344 1356 aarum

291 1395 486 1483 aggregatio,
514 1395 631 1460 incidit
654 1395 691 1457 in
716 1394 866 1459 haeresim
891 1393 1118 1479 supradictam

339 1498 388 1560 12.
412 1495 511 1560 Panis
539 1496 693 1572 triticeus,
721 1495 757 1558 in
783 1518 848 1581 quo
873 1494 977 1559 solum
1004 1494 1080 1559 licet
1105 1493 1270 1572 conficere,
1294 1499 1345 1559 est

291 1599 328 1662 in
351 1604 470 1662 natura
492 1598 660 1663 infinitum
681 1597 853 1682 perfectior
875 1619 960 1683 pane
986 1596 1097 1660 sabino
1121 1595 1176 1659 vel
1197 1595 1324 1661 ratonis
1335 1619 1345 1677 3

291 1721 430 1785 quorum
452 1704 590 1785 uterque
613 1700 649 1764 in
671 1705 790 1768 natum
811 1703 861 1763 est
883 1697 1055 1789 perfectior
1079 1695 1253 1763 accidenta

122 1947 259 1999 'rheuma
336 1926 386 1987 Er
412 1926 448 1987 in
478 1946 544 1988 uno
575 1924 636 2000 die,
659 1923 696 1986 in
725 1921 856 2008 publica
885 1944 944 1986 sua
973 1921 1253 2000 determinatione,
1281 1920 1344 1987 has

121 2013 357 2129 {fffflgmtres
396 2026 627 2109 subsequentes
657 2023 766 2109 pcsuit
803 2022 1030 2101 conclusiones,
1065 2044 1108 2087 ex
1141 2023 1262 2108 quibus
1292 2045 1343 2089 se-

122 2147 262 2209 ver-epus„
292 2132 438 2212 quuntur
475 2125 540 2190 illae
566 2131 633 2188 tres
666 2125 779 2210 primae
814 2125 1037 2189 condemnatae
1061 2145 1119 2211 per
1141 2122 1345 2190 Willelmum

121 2211 240 2340 Q&
291 2226 572 2311 archiepiscopum,
600 2247 675 2289 cum
704 2247 763 2290 suo
793 2226 884 2304 olere,
917 2225 1082 2290 catholicae
1113 2225 1191 2290 fidei
1231 2224 1345 2292 defen-

120 2341 226 2392 himself.
291 2350 397 2407 sores3
429 2329 469 2392 de
503 2327 620 2411 quibus
643 2327 902 2391 conclusionibus
925 2327 1088 2392 wratis
1111 2326 1235 2392 dicetur
1257 2328 1345 2392 mul-

290 2437 362 2494 tum
385 2428 527 2492 inferius.
574 2427 684 2492 Prima
706 2433 756 2493 cst
777 2428 855 2495 haec.

335 2534 363 2595 1.
388 2530 633 2595 Sacramentum
649 2530 854 2595 eucharistiae
878 2536 927 2595 est
953 2530 989 2593 in
1011 2535 1130 2595 natma
1151 2552 1211 2595 sua
1225 2551 1342 2617 eorpus

288 2633 381 2718 panis
408 2638 467 2697 aut
495 2631 589 2711 vini;
619 2631 750 2709 habens,
778 2633 902 2697 virtute
926 2631 1100 2696 verborum
1124 2639 1343 2698 sacramenta-

288 2735 377 2812 lium,
394 2756 508 2798 verum
531 2756 645 2819 corpus
669 2732 793 2800 Christi
815 2734 858 2797 ad
880 2731 1059 2819 quemlibet
1081 2732 1151 2817 ejus
1172 2739 1341 2818 punctum

334 2838 361 2898 2.
387 2835 634 2900 Sacramentum
675 2834 878 2900 eucharistiae
917 2839 966 2899 est
1003 2835 1040 2899 in
1075 2834 1182 2921 figura
1224 2857 1341 2922 corpus

289 2935 415 3001 Christi
439 2944 473 3001 et
497 2937 637 3022 sanguis,
665 2937 701 2999 in
728 2957 801 3021 quae
832 2936 1149 3001 transubstantiatur
1162 2937 1257 3022 panis
1280 2944 1341 3003 aut

288 3038 412 3114 vinum,
444 3038 537 3122 cujus
574 3043 721 3103 remanet
761 3045 835 3124 post
864 3038 1137 3104 consecrationem
1174 3038 1338 3124 aliquitas,

288 3139 364 3203 licet
386 3140 422 3202 in
444 3140 701 3204 consideratione
723 3140 869 3204 fidelium
891 3139 936 3204 sit
958 3139 1071 3226 sopita

333 3243 361 3302 3.
387 3239 483 3317 Quod
513 3241 659 3306 accidens
684 3241 729 3306 sit
762 3241 832 3306 sine
870 3240 1023 3327 subjecto,
1059 3263 1126 3306 non
1149 3246 1199 3306 est
1220 3241 1340 3308 funda-

288 3339 376 3419 bile;
414 3341 472 3403 sed
501 3341 529 3403 si
555 3341 608 3416 sic,
644 3341 733 3407 Deus
765 3344 975 3420 annihilatur,
1011 3349 1045 3408 et
1076 3342 1162 3429 perit
1195 3342 1338 3429 quilibet

287 3439 442 3503 articulus
464 3441 541 3504 fidei
566 3441 769 3508 Christianae.
