<?xml version="1.0" encoding="UTF-8"?>
<!DOCTYPE html PUBLIC "-//W3C//DTD XHTML 1.0 Transitional//EN"
    "http://www.w3.org/TR/xhtml1/DTD/xhtml1-transitional.dtd">
<html xmlns="http://www.w3.org/1999/xhtml" xml:lang="en" lang="en">
 <head>
  <title>
</title>
<meta http-equiv="Content-Type" content="text/html;charset=utf-8" />
  <meta name='ocr-system' content='tesseract 3.04.00' />
  <meta name='ocr-capabilities' content='ocr_page ocr_carea ocr_par ocr_line ocrx_word'/>
</head>
<body>
  <div class='ocr_page' id='page_1' title='image "./fasciculizizani00nettgoog_0580.png"; bbox 0 0 3008 5490; ppageno 0'>
   <div class='ocr_carea' id='block_1_1' title="bbox 389 711 1138 778">
    <p class='ocr_par' dir='ltr' id='par_1_1' title="bbox 389 711 1138 778">
     <span class='ocr_line' id='line_1_1' title="bbox 389 711 1138 778; baseline 0.009 -10"><span class='ocrx_word' id='word_1_1' title='bbox 389 717 515 769; x_wconf 76' lang='lat' dir='ltr'><strong>rmcrs</strong></span> <span class='ocrx_word' id='word_1_2' title='bbox 536 719 610 770; x_wconf 72' lang='lat' dir='ltr'><strong>sun</strong></span> <span class='ocrx_word' id='word_1_3' title='bbox 633 720 847 771; x_wconf 79' lang='lat' dir='ltr'><strong>oooonnsrs.</strong></span> <span class='ocrx_word' id='word_1_4' title='bbox 1072 711 1138 778; x_wconf 80' lang='lat'><strong>487</strong></span> 
     </span>
    </p>
   </div>
   <div class='ocr_carea' id='block_1_2' title="bbox 85 905 1139 2928">
    <p class='ocr_par' dir='ltr' id='par_1_2' title="bbox 87 905 1139 1808">
     <span class='ocr_line' id='line_1_2' title="bbox 92 905 1136 993; baseline -0.001 -20"><span class='ocrx_word' id='word_1_5' title='bbox 92 905 164 983; x_wconf 86' lang='lat' dir='ltr'><strong>Dei,</strong></span> <span class='ocrx_word' id='word_1_6' title='bbox 180 911 312 993; x_wconf 88' lang='lat' dir='ltr'><strong>propter</strong></span> <span class='ocrx_word' id='word_1_7' title='bbox 325 907 506 973; x_wconf 71' lang='lat' dir='ltr'><strong>utilitatem</strong></span> <span class='ocrx_word' id='word_1_8' title='bbox 520 908 669 985; x_wconf 84' lang='lat' dir='ltr'><strong>eoelesiae,</strong></span> <span class='ocrx_word' id='word_1_9' title='bbox 686 908 740 973; x_wconf 87' lang='lat' dir='ltr'><strong>vel</strong></span> <span class='ocrx_word' id='word_1_10' title='bbox 761 906 967 973; x_wconf 91' lang='lat' dir='ltr'><strong>dilectionem</strong></span> <span class='ocrx_word' id='word_1_11' title='bbox 987 907 1136 993; x_wconf 84' lang='lat' dir='ltr'><strong>proximi.</strong></span> 
     </span>
     <span class='ocr_line' id='line_1_3' title="bbox 92 1007 1139 1096; baseline 0.001 -23"><span class='ocrx_word' id='word_1_12' title='bbox 92 1009 138 1073; x_wconf 88' lang='lat' dir='ltr'><strong>Et</strong></span> <span class='ocrx_word' id='word_1_13' title='bbox 166 1007 257 1074; x_wconf 88' lang='lat' dir='ltr'><strong>oum¹</strong></span> <span class='ocrx_word' id='word_1_14' title='bbox 292 1009 346 1074; x_wconf 86' lang='lat' dir='ltr'><strong>lex</strong></span> <span class='ocrx_word' id='word_1_15' title='bbox 370 1009 494 1076; x_wconf 85' lang='lat' dir='ltr'><strong>Chn&#39;sti</strong></span> <span class='ocrx_word' id='word_1_16' title='bbox 525 1010 618 1075; x_wconf 88' lang='lat' dir='ltr'><strong>docet</strong></span> <span class='ocrx_word' id='word_1_17' title='bbox 645 1010 754 1075; x_wconf 91' lang='lat' dir='ltr'><strong>Deum</strong></span> <span class='ocrx_word' id='word_1_18' title='bbox 780 1031 849 1075; x_wconf 79' lang='lat' dir='ltr'><strong>esse</strong></span> <span class='ocrx_word' id='word_1_19' title='bbox 878 1011 1002 1075; x_wconf 90' lang='lat' dir='ltr'><strong>bonum</strong></span> <span class='ocrx_word' id='word_1_20' title='bbox 1039 1031 1139 1096; x_wconf 82' lang='lat' dir='ltr'><strong>supro</strong></span> 
     </span>
     <span class='ocr_line' id='line_1_4' title="bbox 91 1110 1138 1199; baseline 0.001 -23"><span class='ocrx_word' id='word_1_21' title='bbox 91 1111 203 1176; x_wconf 82' lang='lat' dir='ltr'><strong>omnis</strong></span> <span class='ocrx_word' id='word_1_22' title='bbox 232 1110 442 1198; x_wconf 84' lang='lat' dir='ltr'><strong>diligendum,</strong></span> <span class='ocrx_word' id='word_1_23' title='bbox 472 1111 612 1177; x_wconf 90' lang='lat' dir='ltr'><strong>secundo</strong></span> <span class='ocrx_word' id='word_1_24' title='bbox 644 1112 830 1199; x_wconf 87' lang='lat' dir='ltr'><strong>proximum</strong></span> <span class='ocrx_word' id='word_1_25' title='bbox 859 1117 899 1177; x_wconf 89' lang='lat' dir='ltr'><strong>ut</strong></span> <span class='ocrx_word' id='word_1_26' title='bbox 921 1112 1073 1198; x_wconf 86' lang='lat' dir='ltr'><strong>seipsum,</strong></span> <span class='ocrx_word' id='word_1_27' title='bbox 1103 1116 1138 1177; x_wconf 81' lang='lat' dir='ltr'><strong>et</strong></span> 
     </span>
     <span class='ocr_line' id='line_1_5' title="bbox 91 1212 1138 1301; baseline 0.001 -23"><span class='ocrx_word' id='word_1_28' title='bbox 91 1212 191 1278; x_wconf 83' lang='lat' dir='ltr'><strong>tertio</strong></span> <span class='ocrx_word' id='word_1_29' title='bbox 231 1212 421 1278; x_wconf 77' lang='lat' dir='ltr'><strong>infinitum²</strong></span> <span class='ocrx_word' id='word_1_30' title='bbox 459 1213 620 1279; x_wconf 76' lang='lat' dir='ltr'><strong>distanter</strong></span> <span class='ocrx_word' id='word_1_31' title='bbox 656 1215 856 1301; x_wconf 74' lang='lat' dir='ltr'><strong>temporalis,</strong></span> <span class='ocrx_word' id='word_1_32' title='bbox 899 1236 974 1299; x_wconf 87' lang='lat' dir='ltr'><strong>quse</strong></span> <span class='ocrx_word' id='word_1_33' title='bbox 1007 1214 1138 1280; x_wconf 86' lang='lat' dir='ltr'><strong>dileetio</strong></span> 
     </span>
     <span class='ocr_line' id='line_1_6' title="bbox 90 1315 1137 1403; baseline 0 -24"><span class='ocrx_word' id='word_1_34' title='bbox 90 1321 228 1380; x_wconf 78' lang='lat' dir='ltr'><strong>vocetur</strong></span> <span class='ocrx_word' id='word_1_35' title='bbox 267 1321 471 1403; x_wconf 88' lang='lat' dir='ltr'><strong>contemptus</strong></span> <span class='ocrx_word' id='word_1_36' title='bbox 509 1315 563 1380; x_wconf 85' lang='lat' dir='ltr'><strong>vel</strong></span> <span class='ocrx_word' id='word_1_37' title='bbox 604 1315 735 1395; x_wconf 91' lang='lat' dir='ltr'><strong>odium;</strong></span> <span class='ocrx_word' id='word_1_38' title='bbox 768 1316 916 1400; x_wconf 90' lang='lat' dir='ltr'><strong>sequitur</strong></span> <span class='ocrx_word' id='word_1_39' title='bbox 952 1317 1040 1401; x_wconf 91' lang='lat' dir='ltr'><strong>quod</strong></span> <span class='ocrx_word' id='word_1_40' title='bbox 1083 1316 1137 1381; x_wconf 87' lang='lat' dir='ltr'><strong>lex</strong></span> 
     </span>
     <span class='ocr_line' id='line_1_7' title="bbox 91 1415 1138 1504; baseline -0.001 -22"><span class='ocrx_word' id='word_1_41' title='bbox 91 1415 216 1482; x_wconf 77' lang='lat' dir='ltr'><strong>Christi</strong></span> <span class='ocrx_word' id='word_1_42' title='bbox 250 1438 325 1502; x_wconf 80' lang='lat' dir='ltr'><strong>quae</strong></span> <span class='ocrx_word' id='word_1_43' title='bbox 354 1417 483 1482; x_wconf 88' lang='lat' dir='ltr'><strong>doceret</strong></span> <span class='ocrx_word' id='word_1_44' title='bbox 511 1417 558 1483; x_wconf 86' lang='lat' dir='ltr'><strong>sio</strong></span> <span class='ocrx_word' id='word_1_45' title='bbox 587 1439 683 1504; x_wconf 76' lang='lat' dir='ltr'><strong>egero</strong></span> <span class='ocrx_word' id='word_1_46' title='bbox 704 1419 865 1504; x_wconf 69' lang='lat' dir='ltr'><strong>pmoipue</strong></span> <span class='ocrx_word' id='word_1_47' title='bbox 897 1423 1031 1503; x_wconf 87' lang='lat' dir='ltr'><strong>propter</strong></span> <span class='ocrx_word' id='word_1_48' title='bbox 1055 1423 1138 1483; x_wconf 88' lang='lat' dir='ltr'><strong>tem-</strong></span> 
     </span>
     <span class='ocr_line' id='line_1_8' title="bbox 88 1517 1138 1606; baseline 0.001 -23"><span class='ocrx_word' id='word_1_49' title='bbox 88 1519 214 1604; x_wconf 80' lang='lat' dir='ltr'><strong>pomlia</strong></span> <span class='ocrx_word' id='word_1_50' title='bbox 236 1520 282 1584; x_wconf 82' lang='lat' dir='ltr'><strong>sit</strong></span> <span class='ocrx_word' id='word_1_51' title='bbox 301 1519 549 1584; x_wconf 80' lang='lat' dir='ltr'><strong>oontmdiotoris</strong></span> <span class='ocrx_word' id='word_1_52' title='bbox 579 1519 643 1583; x_wconf 90' lang='lat' dir='ltr'><strong>sibi</strong></span> <span class='ocrx_word' id='word_1_53' title='bbox 673 1520 762 1605; x_wconf 90' lang='lat' dir='ltr'><strong>ipse;</strong></span> <span class='ocrx_word' id='word_1_54' title='bbox 793 1517 839 1606; x_wconf 57' lang='lat' dir='ltr'><strong>ets</strong></span> <span class='ocrx_word' id='word_1_55' title='bbox 861 1541 919 1604; x_wconf 92' lang='lat' dir='ltr'><strong>per</strong></span> <span class='ocrx_word' id='word_1_56' title='bbox 940 1540 1138 1604; x_wconf 87' lang='lat' dir='ltr'><strong>consequens</strong></span> 
     </span>
     <span class='ocr_line' id='line_1_9' title="bbox 88 1620 1138 1707; baseline 0.003 -23"><span class='ocrx_word' id='word_1_57' title='bbox 88 1625 203 1686; x_wconf 80' lang='lat' dir='ltr'><strong>auctor</strong></span> <span class='ocrx_word' id='word_1_58' title='bbox 234 1620 303 1706; x_wconf 88' lang='lat' dir='ltr'><strong>ejus</strong></span> <span class='ocrx_word' id='word_1_59' title='bbox 337 1621 524 1707; x_wconf 75' lang='lat' dir='ltr'><strong>blaspheme</strong></span> <span class='ocrx_word' id='word_1_60' title='bbox 551 1620 719 1706; x_wconf 77' lang='lat' dir='ltr'><strong>culpabilis</strong></span> <span class='ocrx_word' id='word_1_61' title='bbox 731 1644 739 1700; x_wconf 91' lang='lat'>;</span> <span class='ocrx_word' id='word_1_62' title='bbox 777 1626 812 1686; x_wconf 90' lang='lat' dir='ltr'><strong>et</strong></span> <span class='ocrx_word' id='word_1_63' title='bbox 841 1620 888 1686; x_wconf 85' lang='lat' dir='ltr'><strong>sic</strong></span> <span class='ocrx_word' id='word_1_64' title='bbox 916 1621 1138 1687; x_wconf 84' lang='lat' dir='ltr'><strong>destrueretur</strong></span> 
     </span>
     <span class='ocr_line' id='line_1_10' title="bbox 87 1720 787 1808; baseline 0.003 -23"><span class='ocrx_word' id='word_1_65' title='bbox 87 1721 143 1786; x_wconf 86' lang='lat' dir='ltr'><strong>lex</strong></span> <span class='ocrx_word' id='word_1_66' title='bbox 170 1720 294 1788; x_wconf 82' lang='lat' dir='ltr'><strong>Christi</strong></span> <span class='ocrx_word' id='word_1_67' title='bbox 317 1727 352 1787; x_wconf 83' lang='lat' dir='ltr'><strong>et</strong></span> <span class='ocrx_word' id='word_1_68' title='bbox 374 1727 448 1787; x_wconf 84' lang='lat' dir='ltr'><strong>toto</strong></span> <span class='ocrx_word' id='word_1_69' title='bbox 469 1721 645 1787; x_wconf 79' lang='lat' dir='ltr'><strong>christiane</strong></span> <span class='ocrx_word' id='word_1_70' title='bbox 665 1721 787 1808; x_wconf 81' lang='lat' dir='ltr'><strong>religio</strong></span> 
     </span>
    </p>

    <p class='ocr_par' dir='ltr' id='par_1_3' title="bbox 85 1821 1136 2928">
     <span class='ocr_line' id='line_1_11' title="bbox 120 1821 1136 1910; baseline 0.004 -24"><span class='ocrx_word' id='word_1_71' title='bbox 120 1823 232 1904; x_wconf 74' lang='lat' dir='ltr'><strong>,Quod</strong></span> <span class='ocrx_word' id='word_1_72' title='bbox 263 1826 415 1910; x_wconf 75' lang='lat' dir='ltr'><strong>quartum</strong></span> <span class='ocrx_word' id='word_1_73' title='bbox 446 1821 715 1900; x_wconf 66' lang='lat' dir='ltr'><strong>conclusionem?</strong></span> <span class='ocrx_word' id='word_1_74' title='bbox 748 1824 791 1888; x_wconf 81' lang='lat' dir='ltr'><strong>ds</strong></span> <span class='ocrx_word' id='word_1_75' title='bbox 822 1823 1016 1910; x_wconf 86' lang='lat' dir='ltr'><strong>oppositum,</strong></span> <span class='ocrx_word' id='word_1_76' title='bbox 1047 1823 1136 1910; x_wconf 90' lang='lat' dir='ltr'><strong>quod</strong></span> 
     </span>
     <span class='ocr_line' id='line_1_12' title="bbox 87 1924 1135 2012; baseline 0 -22"><span class='ocrx_word' id='word_1_77' title='bbox 87 1925 241 2010; x_wconf 88' lang='lat' dir='ltr'><strong>possibile</strong></span> <span class='ocrx_word' id='word_1_78' title='bbox 274 1932 324 1990; x_wconf 90' lang='lat' dir='ltr'><strong>est</strong></span> <span class='ocrx_word' id='word_1_79' title='bbox 355 1926 396 1990; x_wconf 92' lang='lat' dir='ltr'><strong>de</strong></span> <span class='ocrx_word' id='word_1_80' title='bbox 429 1924 494 1990; x_wconf 92' lang='lat' dir='ltr'><strong>Dei</strong></span> <span class='ocrx_word' id='word_1_81' title='bbox 526 1925 675 2012; x_wconf 84' lang='lat' dir='ltr'><strong>potentie</strong></span> <span class='ocrx_word' id='word_1_82' title='bbox 696 1925 847 1990; x_wconf 81' lang='lat' dir='ltr'><strong>absoluto</strong></span> <span class='ocrx_word' id='word_1_83' title='bbox 872 1926 960 2010; x_wconf 88' lang='lat' dir='ltr'><strong>quod</strong></span> <span class='ocrx_word' id='word_1_84' title='bbox 989 1925 1018 1990; x_wconf 92' lang='lat' dir='ltr'><strong>si</strong></span> <span class='ocrx_word' id='word_1_85' title='bbox 1050 1947 1135 2012; x_wconf 81' lang='lat' dir='ltr'><strong>pepe</strong></span> 
     </span>
     <span class='ocr_line' id='line_1_13' title="bbox 87 2027 1134 2113; baseline 0.003 -23"><span class='ocrx_word' id='word_1_86' title='bbox 87 2027 143 2091; x_wconf 83' lang='lat' dir='ltr'><strong>vel</strong></span> <span class='ocrx_word' id='word_1_87' title='bbox 166 2027 250 2092; x_wconf 80' lang='lat' dir='ltr'><strong>clius</strong></span> <span class='ocrx_word' id='word_1_88' title='bbox 274 2027 460 2113; x_wconf 73' lang='lat' dir='ltr'><strong>praetendst</strong></span> <span class='ocrx_word' id='word_1_89' title='bbox 482 2049 518 2091; x_wconf 93' lang='lat' dir='ltr'><strong>se</strong></span> <span class='ocrx_word' id='word_1_90' title='bbox 545 2027 759 2113; x_wconf 79' lang='lat' dir='ltr'><strong>quovismodo</strong></span> <span class='ocrx_word' id='word_1_91' title='bbox 788 2027 913 2092; x_wconf 87' lang='lat' dir='ltr'><strong>solvere</strong></span> <span class='ocrx_word' id='word_1_92' title='bbox 942 2027 997 2091; x_wconf 88' lang='lat' dir='ltr'><strong>vel</strong></span> <span class='ocrx_word' id='word_1_93' title='bbox 1023 2027 1134 2113; x_wconf 81' lang='lat' dir='ltr'><strong>ligero,</strong></span> 
     </span>
     <span class='ocr_line' id='line_1_14' title="bbox 87 2127 1134 2215; baseline 0 -22"><span class='ocrx_word' id='word_1_94' title='bbox 87 2150 127 2193; x_wconf 86' lang='lat' dir='ltr'><strong>eo</strong></span> <span class='ocrx_word' id='word_1_95' title='bbox 149 2129 218 2215; x_wconf 90' lang='lat' dir='ltr'><strong>ipso</strong></span> <span class='ocrx_word' id='word_1_96' title='bbox 239 2129 339 2194; x_wconf 85' lang='lat' dir='ltr'><strong>solvit</strong></span> <span class='ocrx_word' id='word_1_97' title='bbox 360 2129 414 2193; x_wconf 87' lang='lat' dir='ltr'><strong>vel</strong></span> <span class='ocrx_word' id='word_1_98' title='bbox 435 2129 537 2215; x_wconf 78' lang='lat' dir='ltr'><strong>liget3</strong></span> <span class='ocrx_word' id='word_1_99' title='bbox 564 2134 598 2193; x_wconf 85' lang='lat' dir='ltr'><strong>et</strong></span> <span class='ocrx_word' id='word_1_100' title='bbox 620 2150 694 2195; x_wconf 90' lang='lat' dir='ltr'><strong>cum</strong></span> <span class='ocrx_word' id='word_1_101' title='bbox 717 2128 779 2193; x_wconf 91' lang='lat' dir='ltr'><strong>hoc</strong></span> <span class='ocrx_word' id='word_1_102' title='bbox 800 2128 844 2193; x_wconf 84' lang='lat' dir='ltr'><strong>sit</strong></span> <span class='ocrx_word' id='word_1_103' title='bbox 866 2127 1025 2215; x_wconf 86' lang='lat' dir='ltr'><strong>possibile,</strong></span> <span class='ocrx_word' id='word_1_104' title='bbox 1049 2150 1134 2215; x_wconf 90' lang='lat' dir='ltr'><strong>pono</strong></span> 
     </span>
     <span class='ocr_line' id='line_1_15' title="bbox 88 2230 1135 2316; baseline 0.001 -21"><span class='ocrx_word' id='word_1_105' title='bbox 88 2230 264 2308; x_wconf 78' lang='lat' dir='ltr'><strong>demesso,</strong></span> <span class='ocrx_word' id='word_1_106' title='bbox 287 2231 376 2316; x_wconf 91' lang='lat' dir='ltr'><strong>quod</strong></span> <span class='ocrx_word' id='word_1_107' title='bbox 405 2230 434 2295; x_wconf 91' lang='lat' dir='ltr'><strong>si</strong></span> <span class='ocrx_word' id='word_1_108' title='bbox 463 2252 547 2316; x_wconf 81' lang='lat' dir='ltr'><strong>pepo</strong></span> <span class='ocrx_word' id='word_1_109' title='bbox 568 2230 623 2294; x_wconf 86' lang='lat' dir='ltr'><strong>vel</strong></span> <span class='ocrx_word' id='word_1_110' title='bbox 637 2230 721 2295; x_wconf 80' lang='lat' dir='ltr'><strong>alius</strong></span> <span class='ocrx_word' id='word_1_111' title='bbox 742 2231 925 2316; x_wconf 73' lang='lat' dir='ltr'><strong>praetendnt</strong></span> <span class='ocrx_word' id='word_1_112' title='bbox 947 2252 981 2295; x_wconf 89' lang='lat' dir='ltr'><strong>se</strong></span> <span class='ocrx_word' id='word_1_113' title='bbox 1004 2231 1135 2316; x_wconf 89' lang='lat' dir='ltr'><strong>quovis-</strong></span> 
     </span>
     <span class='ocr_line' id='line_1_16' title="bbox 87 2332 1135 2419; baseline 0.003 -24"><span class='ocrx_word' id='word_1_114' title='bbox 87 2332 186 2396; x_wconf 88' lang='lat' dir='ltr'><strong>modo</strong></span> <span class='ocrx_word' id='word_1_115' title='bbox 206 2332 332 2398; x_wconf 86' lang='lat' dir='ltr'><strong>solvere</strong></span> <span class='ocrx_word' id='word_1_116' title='bbox 353 2333 407 2396; x_wconf 83' lang='lat' dir='ltr'><strong>vel</strong></span> <span class='ocrx_word' id='word_1_117' title='bbox 430 2332 530 2418; x_wconf 80' lang='lat' dir='ltr'><strong>ligore</strong></span> <span class='ocrx_word' id='word_1_118' title='bbox 553 2337 632 2397; x_wconf 88' lang='lat' dir='ltr'><strong>tuno</strong></span> <span class='ocrx_word' id='word_1_119' title='bbox 654 2332 754 2397; x_wconf 87' lang='lat' dir='ltr'><strong>solvit</strong></span> <span class='ocrx_word' id='word_1_120' title='bbox 776 2332 830 2397; x_wconf 87' lang='lat' dir='ltr'><strong>vel</strong></span> <span class='ocrx_word' id='word_1_121' title='bbox 852 2333 956 2419; x_wconf 78' lang='lat' dir='ltr'><strong>ligst;</strong></span> <span class='ocrx_word' id='word_1_122' title='bbox 987 2338 1021 2398; x_wconf 84' lang='lat' dir='ltr'><strong>et</strong></span> <span class='ocrx_word' id='word_1_123' title='bbox 1042 2338 1135 2419; x_wconf 86' lang='lat' dir='ltr'><strong>potet</strong></span> 
     </span>
     <span class='ocr_line' id='line_1_17' title="bbox 87 2434 1135 2520; baseline 0.001 -23"><span class='ocrx_word' id='word_1_124' title='bbox 87 2455 130 2497; x_wconf 90' lang='lat' dir='ltr'><strong>ex</strong></span> <span class='ocrx_word' id='word_1_125' title='bbox 167 2439 286 2500; x_wconf 74' lang='lat' dir='ltr'><strong>notum</strong></span> <span class='ocrx_word' id='word_1_126' title='bbox 322 2435 473 2500; x_wconf 74' lang='lat' dir='ltr'><strong>verium</strong></span> <span class='ocrx_word' id='word_1_127' title='bbox 511 2434 737 2511; x_wconf 79' lang='lat' dir='ltr'><strong>connectionis,</strong></span> <span class='ocrx_word' id='word_1_128' title='bbox 779 2455 879 2519; x_wconf 82' lang='lat' dir='ltr'><strong>quum</strong></span> <span class='ocrx_word' id='word_1_129' title='bbox 917 2435 976 2499; x_wconf 80' lang='lat' dir='ltr'><strong>det</strong></span> <span class='ocrx_word' id='word_1_130' title='bbox 1004 2435 1135 2520; x_wconf 85' lang='lat' dir='ltr'><strong>Augus-</strong></span> 
     </span>
     <span class='ocr_line' id='line_1_18' title="bbox 87 2534 1134 2622; baseline 0.001 -22"><span class='ocrx_word' id='word_1_131' title='bbox 87 2535 179 2600; x_wconf 88' lang='lat' dir='ltr'><strong>tinus</strong></span> <span class='ocrx_word' id='word_1_132' title='bbox 210 2553 246 2600; x_wconf 74' lang='lat' dir='ltr'><strong>ln</strong></span> <span class='ocrx_word' id='word_1_133' title='bbox 277 2536 318 2603; x_wconf 92' lang='lat' dir='ltr'><strong>de</strong></span> <span class='ocrx_word' id='word_1_134' title='bbox 341 2536 500 2601; x_wconf 83' lang='lat' dir='ltr'><strong>Doctrina</strong></span> <span class='ocrx_word' id='word_1_135' title='bbox 524 2534 734 2612; x_wconf 69' lang='lat' dir='ltr'><strong>Christinnru⁴</strong></span> <span class='ocrx_word' id='word_1_136' title='bbox 758 2541 792 2601; x_wconf 90' lang='lat' dir='ltr'><strong>et</strong></span> <span class='ocrx_word' id='word_1_137' title='bbox 814 2557 857 2601; x_wconf 85' lang='lat' dir='ltr'><strong>ex</strong></span> <span class='ocrx_word' id='word_1_138' title='bbox 879 2535 1000 2622; x_wconf 82' lang='lat' dir='ltr'><strong>regulis</strong></span> <span class='ocrx_word' id='word_1_139' title='bbox 1024 2557 1134 2601; x_wconf 90' lang='lat' dir='ltr'><strong>conse-</strong></span> 
     </span>
     <span class='ocr_line' id='line_1_19' title="bbox 87 2636 1134 2725; baseline 0.001 -24"><span class='ocrx_word' id='word_1_140' title='bbox 87 2637 296 2723; x_wconf 70' lang='lat' dir='ltr'><strong>quentiarum</strong></span> <span class='ocrx_word' id='word_1_141' title='bbox 333 2638 515 2725; x_wconf 88' lang='lat' dir='ltr'><strong>puerilium,</strong></span> <span class='ocrx_word' id='word_1_142' title='bbox 554 2637 793 2704; x_wconf 86' lang='lat' dir='ltr'><strong>concedendum</strong></span> <span class='ocrx_word' id='word_1_143' title='bbox 831 2641 915 2702; x_wconf 90' lang='lat' dir='ltr'><strong>esset</strong></span> <span class='ocrx_word' id='word_1_144' title='bbox 952 2636 1040 2722; x_wconf 89' lang='lat' dir='ltr'><strong>quod</strong></span> <span class='ocrx_word' id='word_1_145' title='bbox 1075 2659 1134 2702; x_wconf 90' lang='lat' dir='ltr'><strong>neo</strong></span> 
     </span>
     <span class='ocr_line' id='line_1_20' title="bbox 86 2738 1135 2826; baseline -0.002 -21"><span class='ocrx_word' id='word_1_146' title='bbox 86 2759 172 2825; x_wconf 80' lang='lat' dir='ltr'><strong>pope</strong></span> <span class='ocrx_word' id='word_1_147' title='bbox 202 2762 261 2805; x_wconf 87' lang='lat' dir='ltr'><strong>nec</strong></span> <span class='ocrx_word' id='word_1_148' title='bbox 293 2741 377 2805; x_wconf 83' lang='lat' dir='ltr'><strong>elius</strong></span> <span class='ocrx_word' id='word_1_149' title='bbox 409 2745 519 2826; x_wconf 87' lang='lat' dir='ltr'><strong>potest</strong></span> <span class='ocrx_word' id='word_1_150' title='bbox 551 2760 660 2803; x_wconf 76' lang='lat' dir='ltr'><strong>errore</strong></span> <span class='ocrx_word' id='word_1_151' title='bbox 693 2739 728 2802; x_wconf 89' lang='lat' dir='ltr'><strong>in</strong></span> <span class='ocrx_word' id='word_1_152' title='bbox 759 2738 805 2804; x_wconf 90' lang='lat' dir='ltr'><strong>sic</strong></span> <span class='ocrx_word' id='word_1_153' title='bbox 836 2738 1070 2824; x_wconf 77' lang='lat' dir='ltr'><strong>praetendendo</strong></span> <span class='ocrx_word' id='word_1_154' title='bbox 1100 2760 1135 2803; x_wconf 95' lang='lat' dir='ltr'><strong>se</strong></span> 
     </span>
     <span class='ocr_line' id='line_1_21' title="bbox 85 2839 1135 2928; baseline -0.002 -22"><span class='ocrx_word' id='word_1_155' title='bbox 85 2841 212 2907; x_wconf 86' lang='lat' dir='ltr'><strong>solvere</strong></span> <span class='ocrx_word' id='word_1_156' title='bbox 240 2842 294 2907; x_wconf 87' lang='lat' dir='ltr'><strong>vel</strong></span> <span class='ocrx_word' id='word_1_157' title='bbox 323 2842 447 2928; x_wconf 78' lang='lat' dir='ltr'><strong>ligere;</strong></span> <span class='ocrx_word' id='word_1_158' title='bbox 480 2846 515 2905; x_wconf 91' lang='lat' dir='ltr'><strong>et</strong></span> <span class='ocrx_word' id='word_1_159' title='bbox 541 2862 615 2906; x_wconf 89' lang='lat' dir='ltr'><strong>oum</strong></span> <span class='ocrx_word' id='word_1_160' title='bbox 641 2846 750 2926; x_wconf 86' lang='lat' dir='ltr'><strong>potest</strong></span> <span class='ocrx_word' id='word_1_161' title='bbox 776 2862 810 2904; x_wconf 91' lang='lat' dir='ltr'><strong>se</strong></span> <span class='ocrx_word' id='word_1_162' title='bbox 845 2840 1046 2927; x_wconf 85' lang='lat' dir='ltr'><strong>praetendere</strong></span> <span class='ocrx_word' id='word_1_163' title='bbox 1071 2839 1135 2905; x_wconf 88' lang='lat' dir='ltr'><strong>sol·</strong></span> 
     </span>
    </p>
   </div>
   <div class='ocr_carea' id='block_1_3' title="bbox 82 2941 1162 3641">
    <p class='ocr_par' dir='ltr' id='par_1_4' title="bbox 85 2941 1133 3132">
     <span class='ocr_line' id='line_1_22' title="bbox 85 2941 1133 3031; baseline 0 -24"><span class='ocrx_word' id='word_1_164' title='bbox 85 2964 163 3008; x_wconf 83' lang='lat' dir='ltr'><strong>vere</strong></span> <span class='ocrx_word' id='word_1_165' title='bbox 194 2943 247 3008; x_wconf 89' lang='lat' dir='ltr'><strong>vel</strong></span> <span class='ocrx_word' id='word_1_166' title='bbox 277 2943 386 3031; x_wconf 77' lang='lat' dir='ltr'><strong>ligare,</strong></span> <span class='ocrx_word' id='word_1_167' title='bbox 419 2943 568 3028; x_wconf 86' lang='lat' dir='ltr'><strong>sequitur</strong></span> <span class='ocrx_word' id='word_1_168' title='bbox 599 2943 687 3028; x_wconf 93' lang='lat' dir='ltr'><strong>quod</strong></span> <span class='ocrx_word' id='word_1_169' title='bbox 719 2947 827 3028; x_wconf 85' lang='lat' dir='ltr'><strong>potest</strong></span> <span class='ocrx_word' id='word_1_170' title='bbox 864 2948 934 3006; x_wconf 82' lang='lat' dir='ltr'><strong>tom</strong></span> <span class='ocrx_word' id='word_1_171' title='bbox 965 2941 1133 3007; x_wconf 84' lang='lat' dir='ltr'><strong>indefecti·</strong></span> 
     </span>
     <span class='ocr_line' id='line_1_23' title="bbox 85 3043 765 3132; baseline 0.001 -23"><span class='ocrx_word' id='word_1_172' title='bbox 85 3044 197 3109; x_wconf 85' lang='lat' dir='ltr'><strong>biliter</strong></span> <span class='ocrx_word' id='word_1_173' title='bbox 217 3046 318 3132; x_wconf 85' lang='lat' dir='ltr'><strong>ligure</strong></span> <span class='ocrx_word' id='word_1_174' title='bbox 340 3044 394 3110; x_wconf 87' lang='lat' dir='ltr'><strong>vel</strong></span> <span class='ocrx_word' id='word_1_175' title='bbox 413 3046 537 3110; x_wconf 91' lang='lat' dir='ltr'><strong>solvere</strong></span> <span class='ocrx_word' id='word_1_176' title='bbox 559 3045 644 3109; x_wconf 84' lang='lat' dir='ltr'><strong>siout</strong></span> <span class='ocrx_word' id='word_1_177' title='bbox 666 3043 765 3110; x_wconf 79' lang='lat' dir='ltr'><strong>Deus</strong></span> 
     </span>
    </p>

    <p class='ocr_par' dir='ltr' id='par_1_5' title="bbox 82 3143 1162 3641">
     <span class='ocr_line' id='line_1_24' title="bbox 132 3143 1131 3231; baseline 0.002 -21"><span class='ocrx_word' id='word_1_178' title='bbox 132 3147 302 3226; x_wconf 82' lang='lat' dir='ltr'><strong>Quotlibet</strong></span> <span class='ocrx_word' id='word_1_179' title='bbox 335 3147 416 3211; x_wconf 85' lang='lat' dir='ltr'><strong>tales</strong></span> <span class='ocrx_word' id='word_1_180' title='bbox 448 3143 678 3212; x_wconf 77' lang='lat' dir='ltr'><strong>conclusiones⁵</strong></span> <span class='ocrx_word' id='word_1_181' title='bbox 714 3144 922 3231; x_wconf 81' lang='lat' dir='ltr'><strong>blasphemes,</strong></span> <span class='ocrx_word' id='word_1_182' title='bbox 961 3143 1131 3212; x_wconf 82' lang='lat' dir='ltr'><strong>horrendos</strong></span> 
     </span>
     <span class='ocr_line' id='line_1_25' title="bbox 84 3246 1162 3334; baseline -0.002 -20"><span class='ocrx_word' id='word_1_183' title='bbox 84 3249 210 3314; x_wconf 84' lang='lat' dir='ltr'><strong>cunctis</strong></span> <span class='ocrx_word' id='word_1_184' title='bbox 246 3248 405 3324; x_wconf 88' lang='lat' dir='ltr'><strong>fidelibus,</strong></span> <span class='ocrx_word' id='word_1_185' title='bbox 444 3253 626 3334; x_wconf 89' lang='lat' dir='ltr'><strong>sequuntur</strong></span> <span class='ocrx_word' id='word_1_186' title='bbox 653 3269 696 3312; x_wconf 85' lang='lat' dir='ltr'><strong>ex</strong></span> <span class='ocrx_word' id='word_1_187' title='bbox 733 3246 936 3313; x_wconf 84' lang='lat' dir='ltr'><strong>ostholiostis</strong></span> <span class='ocrx_word' id='word_1_188' title='bbox 973 3248 1131 3334; x_wconf 87' lang='lat' dir='ltr'><strong>oppositis</strong></span> <span class='ocrx_word' id='word_1_189' title='bbox 1159 3326 1162 3330; x_wconf 21' lang='grc' dir='ltr'>Ι</span> 
     </span>
     <span class='ocr_line' id='line_1_26' title="bbox 83 3348 1133 3435; baseline -0.002 -19"><span class='ocrx_word' id='word_1_190' title='bbox 83 3352 319 3416; x_wconf 72' lang='lat' dir='ltr'><strong>damnatorum.</strong></span> <span class='ocrx_word' id='word_1_191' title='bbox 376 3350 429 3415; x_wconf 83' lang='lat' dir='ltr'><strong>Ex</strong></span> <span class='ocrx_word' id='word_1_192' title='bbox 460 3351 578 3435; x_wconf 86' lang='lat' dir='ltr'><strong>quibus</strong></span> <span class='ocrx_word' id='word_1_193' title='bbox 607 3350 741 3415; x_wconf 87' lang='lat' dir='ltr'><strong>videtur</strong></span> <span class='ocrx_word' id='word_1_194' title='bbox 771 3371 864 3435; x_wconf 90' lang='lat' dir='ltr'><strong>posse</strong></span> <span class='ocrx_word' id='word_1_195' title='bbox 894 3349 1002 3435; x_wconf 86' lang='lat' dir='ltr'><strong>colligi</strong></span> <span class='ocrx_word' id='word_1_196' title='bbox 1032 3348 1133 3414; x_wconf 85' lang='lat' dir='ltr'><strong>chris·</strong></span> 
     </span>
     <span class='ocr_line' id='line_1_27' title="bbox 82 3450 1129 3538; baseline -0.003 -20"><span class='ocrx_word' id='word_1_197' title='bbox 82 3453 183 3518; x_wconf 80' lang='lat' dir='ltr'><strong>tisnis</strong></span> <span class='ocrx_word' id='word_1_198' title='bbox 198 3453 286 3538; x_wconf 90' lang='lat' dir='ltr'><strong>quod</strong></span> <span class='ocrx_word' id='word_1_199' title='bbox 300 3475 367 3518; x_wconf 90' lang='lat' dir='ltr'><strong>non</strong></span> <span class='ocrx_word' id='word_1_200' title='bbox 381 3453 502 3517; x_wconf 87' lang='lat' dir='ltr'><strong>debent</strong></span> <span class='ocrx_word' id='word_1_201' title='bbox 520 3452 679 3516; x_wconf 88' lang='lat' dir='ltr'><strong>sustinere</strong></span> <span class='ocrx_word' id='word_1_202' title='bbox 693 3450 794 3516; x_wconf 81' lang='lat' dir='ltr'><strong>telem</strong></span> <span class='ocrx_word' id='word_1_203' title='bbox 809 3456 925 3516; x_wconf 90' lang='lat' dir='ltr'><strong>notum</strong></span> <span class='ocrx_word' id='word_1_204' title='bbox 940 3450 1129 3516; x_wconf 83' lang='lat' dir='ltr'><strong>hsereticum</strong></span> 
     </span>
     <span class='ocr_line' id='line_1_28' title="bbox 82 3552 1131 3641; baseline -0.004 -22"><span class='ocrx_word' id='word_1_205' title='bbox 82 3560 182 3640; x_wconf 88' lang='lat' dir='ltr'><strong>stque</strong></span> <span class='ocrx_word' id='word_1_206' title='bbox 196 3554 419 3641; x_wconf 80' lang='lat' dir='ltr'><strong>blesphemum</strong></span> <span class='ocrx_word' id='word_1_207' title='bbox 434 3555 547 3619; x_wconf 80' lang='lat' dir='ltr'><strong>vivere</strong></span> <span class='ocrx_word' id='word_1_208' title='bbox 562 3575 659 3638; x_wconf 91' lang='lat' dir='ltr'><strong>super</strong></span> <span class='ocrx_word' id='word_1_209' title='bbox 673 3559 802 3629; x_wconf 84' lang='lat' dir='ltr'><strong>terram,</strong></span> <span class='ocrx_word' id='word_1_210' title='bbox 819 3557 854 3617; x_wconf 91' lang='lat' dir='ltr'><strong>et</strong></span> <span class='ocrx_word' id='word_1_211' title='bbox 868 3552 1050 3638; x_wconf 74' lang='lat' dir='ltr'><strong>specialiter</strong></span> <span class='ocrx_word' id='word_1_212' title='bbox 1064 3573 1131 3617; x_wconf 92' lang='lat' dir='ltr'><strong>non</strong></span> 
     </span>
    </p>
   </div>
   <div class='ocr_carea' id='block_1_4' title="bbox 80 3654 1209 4253">
    <p class='ocr_par' dir='ltr' id='par_1_6' title="bbox 80 3654 1209 4253">
     <span class='ocr_line' id='line_1_29' title="bbox 82 3654 1209 3741; baseline -0.001 -21"><span class='ocrx_word' id='word_1_213' title='bbox 82 3657 192 3721; x_wconf 82' lang='lat' dir='ltr'><strong>fovere</strong></span> <span class='ocrx_word' id='word_1_214' title='bbox 222 3679 296 3722; x_wconf 93' lang='lat' dir='ltr'><strong>eum</strong></span> <span class='ocrx_word' id='word_1_215' title='bbox 321 3662 481 3741; x_wconf 80' lang='lat' dir='ltr'><strong>tanquam</strong></span> <span class='ocrx_word' id='word_1_216' title='bbox 505 3678 616 3720; x_wconf 93' lang='lat' dir='ltr'><strong>eorum</strong></span> <span class='ocrx_word' id='word_1_217' title='bbox 649 3655 863 3741; x_wconf 78' lang='lat' dir='ltr'><strong>capitaneum,</strong></span> <span class='ocrx_word' id='word_1_218' title='bbox 893 3676 968 3719; x_wconf 89' lang='lat' dir='ltr'><strong>cum</strong></span> <span class='ocrx_word' id='word_1_219' title='bbox 1000 3654 1131 3719; x_wconf 89' lang='lat' dir='ltr'><strong>duceret</strong></span> <span class='ocrx_word' id='word_1_220' title='bbox 1201 3664 1209 3676; x_wconf 84' lang='lat'>&#39;</span> 
     </span>
     <span class='ocr_line' id='line_1_30' title="bbox 80 3756 1131 3845; baseline -0.001 -22"><span class='ocrx_word' id='word_1_221' title='bbox 80 3780 210 3845; x_wconf 80' lang='lat' dir='ltr'><strong>gregem</strong></span> <span class='ocrx_word' id='word_1_222' title='bbox 226 3781 268 3824; x_wconf 84' lang='lat' dir='ltr'><strong>ex</strong></span> <span class='ocrx_word' id='word_1_223' title='bbox 282 3780 439 3824; x_wconf 86' lang='lat' dir='ltr'><strong>consensu</strong></span> <span class='ocrx_word' id='word_1_224' title='bbox 458 3759 493 3822; x_wconf 94' lang='lat' dir='ltr'><strong>in</strong></span> <span class='ocrx_word' id='word_1_225' title='bbox 507 3758 731 3844; x_wconf 70' lang='lat' dir='ltr'><strong>praecipitium.</strong></span> <span class='ocrx_word' id='word_1_226' title='bbox 778 3757 823 3821; x_wconf 85' lang='lat' dir='ltr'><strong>Et</strong></span> <span class='ocrx_word' id='word_1_227' title='bbox 837 3757 883 3821; x_wconf 88' lang='lat' dir='ltr'><strong>sie</strong></span> <span class='ocrx_word' id='word_1_228' title='bbox 901 3756 1026 3822; x_wconf 90' lang='lat' dir='ltr'><strong>domini</strong></span> <span class='ocrx_word' id='word_1_229' title='bbox 1041 3778 1131 3822; x_wconf 84' lang='lat' dir='ltr'><strong>secu·</strong></span> 
     </span>
     <span class='ocr_line' id='line_1_31' title="bbox 82 3858 1131 3945; baseline -0.002 -19"><span class='ocrx_word' id='word_1_230' title='bbox 82 3859 172 3936; x_wconf 74' lang='lat' dir='ltr'><strong>lares,</strong></span> <span class='ocrx_word' id='word_1_231' title='bbox 200 3866 239 3925; x_wconf 93' lang='lat' dir='ltr'><strong>ut</strong></span> <span class='ocrx_word' id='word_1_232' title='bbox 261 3860 403 3940; x_wconf 82' lang='lat' dir='ltr'><strong>videtur,</strong></span> <span class='ocrx_word' id='word_1_233' title='bbox 427 3860 547 3925; x_wconf 87' lang='lat' dir='ltr'><strong>debent</strong></span> <span class='ocrx_word' id='word_1_234' title='bbox 573 3859 636 3923; x_wconf 87' lang='lat' dir='ltr'><strong>sibi</strong></span> <span class='ocrx_word' id='word_1_235' title='bbox 662 3859 819 3937; x_wconf 87' lang='lat' dir='ltr'><strong>resistere,</strong></span> <span class='ocrx_word' id='word_1_236' title='bbox 847 3858 968 3924; x_wconf 92' lang='lat' dir='ltr'><strong>nedum</strong></span> <span class='ocrx_word' id='word_1_237' title='bbox 998 3864 1131 3945; x_wconf 84' lang='lat' dir='ltr'><strong>propter</strong></span> 
     </span>
     <span class='ocr_line' id='line_1_32' title="bbox 81 3954 1131 4048; baseline -0.004 -20"><span class='ocrx_word' id='word_1_238' title='bbox 81 3958 230 4028; x_wconf 83' lang='lat' dir='ltr'><strong>hseresim</strong></span> <span class='ocrx_word' id='word_1_239' title='bbox 245 3984 344 4048; x_wconf 87' lang='lat' dir='ltr'><strong>quam</strong></span> <span class='ocrx_word' id='word_1_240' title='bbox 358 3954 492 4027; x_wconf 90' lang='lat' dir='ltr'><strong>videtur</strong></span> <span class='ocrx_word' id='word_1_241' title='bbox 513 3961 560 4026; x_wconf 84' lang='lat' dir='ltr'><strong>eis</strong></span> <span class='ocrx_word' id='word_1_242' title='bbox 573 3962 739 4047; x_wconf 89' lang='lat' dir='ltr'><strong>imponere</strong></span> <span class='ocrx_word' id='word_1_243' title='bbox 754 3961 795 4025; x_wconf 91' lang='lat' dir='ltr'><strong>de</strong></span> <span class='ocrx_word' id='word_1_244' title='bbox 811 3961 1007 4025; x_wconf 83' lang='lat' dir='ltr'><strong>exercitione</strong></span> <span class='ocrx_word' id='word_1_245' title='bbox 1021 3966 1131 4047; x_wconf 91' lang='lat' dir='ltr'><strong>potes-</strong></span> 
     </span>
     <span class='ocr_line' id='line_1_33' title="bbox 81 4061 1130 4151; baseline -0.003 -23"><span class='ocrx_word' id='word_1_246' title='bbox 81 4064 161 4129; x_wconf 83' lang='lat' dir='ltr'><strong>tatis</strong></span> <span class='ocrx_word' id='word_1_247' title='bbox 175 4087 240 4149; x_wconf 82' lang='lat' dir='ltr'><strong>que</strong></span> <span class='ocrx_word' id='word_1_248' title='bbox 254 4071 390 4151; x_wconf 89' lang='lat' dir='ltr'><strong>possunt</strong></span> <span class='ocrx_word' id='word_1_249' title='bbox 405 4065 624 4149; x_wconf 79' lang='lat' dir='ltr'><strong>eleemosynas</strong></span> <span class='ocrx_word' id='word_1_250' title='bbox 644 4085 719 4127; x_wconf 87' lang='lat' dir='ltr'><strong>suas</strong></span> <span class='ocrx_word' id='word_1_251' title='bbox 734 4062 923 4127; x_wconf 81' lang='lat' dir='ltr'><strong>subtrahere</strong></span> <span class='ocrx_word' id='word_1_252' title='bbox 938 4063 980 4127; x_wconf 89' lang='lat' dir='ltr'><strong>sb</strong></span> <span class='ocrx_word' id='word_1_253' title='bbox 997 4061 1130 4127; x_wconf 78' lang='lat' dir='ltr'><strong>ecclesio</strong></span> 
     </span>
     <span class='ocr_line' id='line_1_34' title="bbox 81 4163 1128 4253; baseline -0.002 -22"><span class='ocrx_word' id='word_1_254' title='bbox 81 4166 313 4253; x_wconf 81' lang='lat' dir='ltr'><strong>delinquente3</strong></span> <span class='ocrx_word' id='word_1_255' title='bbox 339 4188 398 4232; x_wconf 89' lang='lat' dir='ltr'><strong>nec</strong></span> <span class='ocrx_word' id='word_1_256' title='bbox 421 4166 525 4231; x_wconf 88' lang='lat' dir='ltr'><strong>solum</strong></span> <span class='ocrx_word' id='word_1_257' title='bbox 552 4186 594 4229; x_wconf 86' lang='lat' dir='ltr'><strong>ex</strong></span> <span class='ocrx_word' id='word_1_258' title='bbox 619 4163 679 4230; x_wconf 94' lang='lat' dir='ltr'><strong>hoc</strong></span> <span class='ocrx_word' id='word_1_259' title='bbox 701 4165 789 4249; x_wconf 91' lang='lat' dir='ltr'><strong>quod</strong></span> <span class='ocrx_word' id='word_1_260' title='bbox 812 4164 948 4230; x_wconf 80' lang='lat' dir='ltr'><strong>damnet</strong></span> <span class='ocrx_word' id='word_1_261' title='bbox 970 4170 1128 4250; x_wconf 78' lang='lat' dir='ltr'><strong>tanquam</strong></span> 
     </span>
    </p>
   </div>
   <div class='ocr_carea' id='block_1_5' title="bbox 113 4471 1058 4701">
    <p class='ocr_par' dir='ltr' id='par_1_7' title="bbox 113 4471 1058 4701">
     <span class='ocr_line' id='line_1_35' title="bbox 116 4471 867 4546; baseline -0.009 -16"><span class='ocrx_word' id='word_1_262' title='bbox 116 4477 122 4510; x_wconf 88' lang='lat'><strong>¹</strong></span> <span class='ocrx_word' id='word_1_263' title='bbox 136 4478 203 4546; x_wconf 76' lang='lat' dir='ltr'><strong>cum]</strong></span> <span class='ocrx_word' id='word_1_264' title='bbox 216 4487 309 4539; x_wconf 71' lang='lat' dir='ltr'><strong>umen,</strong></span> <span class='ocrx_word' id='word_1_265' title='bbox 332 4479 361 4530; x_wconf 87' lang='lat' dir='ltr'><strong>C.</strong></span> <span class='ocrx_word' id='word_1_266' title='bbox 662 4471 671 4506; x_wconf 83' lang='lat'>⁴</span> <span class='ocrx_word' id='word_1_267' title='bbox 688 4473 764 4540; x_wconf 77' lang='lat' dir='ltr'><strong>capp.</strong></span> <span class='ocrx_word' id='word_1_268' title='bbox 777 4477 867 4524; x_wconf 79' lang='grc'><strong>31-34.</strong></span> 
     </span>
     <span class='ocr_line' id='line_1_36' title="bbox 113 4550 1058 4623; baseline -0.006 -16"><span class='ocrx_word' id='word_1_269' title='bbox 113 4561 124 4590; x_wconf 82' lang='lat'>²</span> <span class='ocrx_word' id='word_1_270' title='bbox 135 4558 267 4623; x_wconf 75' lang='lat' dir='ltr'><strong>infinitum]</strong></span> <span class='ocrx_word' id='word_1_271' title='bbox 282 4559 309 4607; x_wconf 88' lang='lat' dir='ltr'><strong>iu</strong></span> <span class='ocrx_word' id='word_1_272' title='bbox 321 4556 446 4607; x_wconf 78' lang='lat' dir='ltr'><strong>infinitum</strong></span> <span class='ocrx_word' id='word_1_273' title='bbox 457 4555 487 4607; x_wconf 82' lang='lat' dir='ltr'><strong>C.</strong></span> <span class='ocrx_word' id='word_1_274' title='bbox 661 4556 671 4586; x_wconf 83' lang='lat'><strong>¹</strong></span> <span class='ocrx_word' id='word_1_275' title='bbox 681 4551 854 4618; x_wconf 78' lang='lat' dir='ltr'><strong>conclusiones]</strong></span> <span class='ocrx_word' id='word_1_276' title='bbox 868 4550 1018 4617; x_wconf 73' lang='lat' dir='ltr'><strong>questiones,</strong></span> <span class='ocrx_word' id='word_1_277' title='bbox 1029 4551 1058 4604; x_wconf 74' lang='lat' dir='ltr'><strong>Cr</strong></span> 
     </span>
     <span class='ocr_line' id='line_1_37' title="bbox 113 4633 532 4701; baseline -0.007 -16"><span class='ocrx_word' id='word_1_278' title='bbox 113 4636 123 4667; x_wconf 78' lang='lat'><strong>³</strong></span> <span class='ocrx_word' id='word_1_279' title='bbox 134 4635 317 4701; x_wconf 76' lang='lat' dir='ltr'><strong>conclusionem]</strong></span> <span class='ocrx_word' id='word_1_280' title='bbox 331 4634 492 4700; x_wconf 79' lang='lat' dir='ltr'><strong>questionem,</strong></span> <span class='ocrx_word' id='word_1_281' title='bbox 503 4633 532 4685; x_wconf 85' lang='lat' dir='ltr'><strong>C.</strong></span> 
     </span>
    </p>
   </div>
   <div class='ocr_carea' id='block_1_6' title="bbox 0 0 1508 5490">
    <p class='ocr_par' dir='ltr' id='par_1_8' title="bbox 0 0 1508 5490">
     <span class='ocr_line' id='line_1_38' title="bbox 0 0 1508 5490; baseline 0 4"><span class='ocrx_word' id='word_1_282' title='bbox 0 0 1508 5490; x_wconf 95' lang='lat' dir='ltr'><strong> </strong></span> 
     </span>
    </p>
   </div>
  </div>
 </body>
</html>
