3008 5490
528 733 709 787 rnscrcum
731 734 958 786 zrznurouuu.
1206 722 1270 791 149

215 918 419 990 dicentibus¹
458 922 655 1008 quibusdum
693 922 888 1000 doctoribus,
924 923 1013 1008 quod
1049 945 1107 1008 per
1144 921 1182 1009 ly
1211 921 1271 991 hoc

215 1024 458 1092 demonstratur
477 1024 638 1088 terminus
661 1025 878 1089 conversionis
902 1025 945 1088 ed
969 1046 1089 1109 quem;
1112 1026 1161 1090 ite
1181 1026 1271 1111 quod

213 1127 360 1192 sacerdos
384 1127 485 1191 debet
507 1123 570 1190 sic²
599 1125 790 1191 intendere:
820 1127 881 1191 hoc
907 1127 996 1211 quod
1023 1125 1091 1191 est³
1114 1126 1184 1192 hie⁴
1207 1129 1269 1193 sub

212 1229 314 1316 specie
336 1227 441 1314 punis,
457 1248 516 1313 per
529 1223 643 1292 verbu6
660 1226 876 1304 conversive‚⁰
888 1229 917 1292 si
932 1228 1091 1314 complete
1108 1229 1267 1307 dicuntm‘,

213 1332 262 1396 cst
291 1352 410 1416 corpus
446 1350 578 1393 meum:
611 1328 684 1393 eliis
710 1352 788 1394 vero
815 1329 998 1394 dicentibus
1034 1331 1122 1414 quod
1148 1353 1206 1416 per
1231 1331 1270 1416 ly

213 1430 271 1498 too
286 1433 532 1497 demonstratur
552 1430 667 1516 panis;
690 1428 736 1495 et⁷
750 1431 840 1495 eliud
856 1432 1099 1497 demonstretur
1120 1431 1157 1495 in
1177 1432 1269 1518 prin-

214 1533 311 1620 cipio,
342 1530 448 1597 sliud⁸
475 1532 512 1596 in
541 1533 614 1609 fine,
645 1532 730 1597 sicut
760 1533 844 1597 elius
871 1538 921 1597 est
949 1532 1109 1597 terminus
1135 1555 1270 1598 conver·

215 1631 340 1699 sionis⁹
369 1655 390 1698 a
417 1654 487 1719 quo,
507 1633 591 1698 nlius
621 1634 664 1698 od
691 1655 796 1718 quem.
853 1633 940 1698 Aliis
967 1634 1151 1698 dicentibus
1181 1635 1269 1718 quod

215 1741 389 1823 ponuntur
415 1735 590 1812 recitative,
616 1740 651 1799 et
679 1740 793 1799 tamen
818 1735 1015 1811 conversive,
1041 1739 1075 1799 et
1098 1757 1166 1800 non
1191 1738 1270 1799 sunt

214 1836 391 1913 assertive,
420 1837 485 1905 nisi
513 1836 674 1922 completo
703 1837 912 1902 conversione
924 1857 933 1916 3
964 1841 998 1900 et
1028 1840 1108 1901 tunc
1139 1837 1271 1901 demon-

212 1943 339 2004 stratur
368 1960 483 2024 eorpus
512 1938 601 2024 quod
637 1944 688 2003 est
717 1939 779 2003 sub
810 1937 915 2024 specie
944 1937 1058 2023 ponis3
1089 1944 1123 2002 et
1152 1937 1199 2002 sic
1229 1937 1270 2002 de

212 2040 373 2126 smguine
388 2040 564 2126 judicetur.
615 2040 661 2104 Et
687 2040 837 2122 quumvis
860 2038 896 2102 in
922 2039 983 2104 hoc
1009 2036 1104 2104 sint¹⁰
1132 2039 1269 2104 diversae

212 2142 387 2208 seutentiae
399 2165 408 2220 ;
438 2163 606 2227 nunquam
630 2147 743 2206 temen
766 2141 812 2206 sic
835 2145 913 2205 sunt
937 2139 1103 2206 diversae¹¹
1128 2141 1210 2225 quin
1231 2140 1269 2204 in

212 2243 276 2310 hoc
303 2243 502 2310 concordant
531 2239 652 2328 quod¹⁹
681 2242 740 2306 ills
768 2241 935 2307 conversio
965 2249 1076 2308 causet
1105 2240 1176 2307 in¹⁸
1202 2242 1269 2306 illis

212 2344 392 2412 identicum
417 2344 600 2409 veritatem.
1316 2413 1320 2419 ι

258 2447 417 2513 Fundent
439 2444 504 2523 ulii,
535 2446 565 2510 si
598 2449 737 2530 possent,
761 2466 821 2529 per
852 2444 960 2509 locum
992 2444 1034 2509 ab
1072 2443 1269 2509 auctoritate

212 2547 351 2634 alicujus
377 2547 517 2613 doctoris
541 2546 690 2612 catholici
712 2546 800 2630 quod
822 2567 890 2610 esse
914 2544 1102 2630 accipitur¹⁴
1125 2568 1184 2631 pro
1206 2545 1271 2630 sig-

211 2647 326 2716 nare¹⁶
351 2651 388 2714 in
413 2650 486 2714 istis
511 2649 620 2713 verbis
650 2647 946 2721 sacramentalibus,
970 2646 1044 2709 Hoc
1069 2651 1115 2709 est
1147 2665 1270 2728 corpus

210 2773 355 2830 merem
378 2750 449 2816 Hic
471 2755 517 2815 cet
541 2748 688 2833 soweie
709 2770 827 2814 meus:
852 2748 1014 2833 quomodo
1036 2747 1117 2810 dicit
1139 2741 1271 2831 Augus-

210 2855 306 2921 tinus
328 2850 453 2938 super¹⁶
467 2852 659 2927 Johonnem,
676 2851 825 2915 Humilia
838 2852 888 2914 63.
930 2855 947 2884 “
959 2848 993 2911 N
995 2870 1038 2912 on
1058 2846 1135 2923 est,”
1149 2847 1268 2931 inquit,

214 2966 232 2993 ‘¹
256 2957 389 3030 dictum,
412 2959 505 3040 petra
526 2951 760 3039 significabat¹⁷
778 2951 967 3016 Christum:
994 2950 1051 3013 sed
1073 2953 1173 3034 ‚petru
1199 2954 1270 3012 erut

214 3067 232 3095 ‘¹
256 3058 417 3124 Christus.
456 3041 526 3121 Nec
541 3056 664 3119 dictum
685 3059 744 3131 est,
760 3054 882 3117 bonum
905 3072 1015 3115 semen
1035 3046 1270 3135 siguificubet¹⁸

213 3168 231 3198 ‘⁶
253 3161 342 3224 filios
379 3155 479 3235 Dei,¹⁹
508 3157 635 3220 zizania
667 3153 814 3220 sutem¹⁰
843 3153 927 3217 filios
952 3151 1089 3236 maligni
1100 3149 1138 3230 3¹¹
1177 3147 1270 3225 sed²²

249 3527 418 3592 ¹dr'centitus]
439 3528 474 3576 ita
492 3527 558 3590 quod
575 3524 721 3583 dicentibus,
801 3524 904 3589 ¹²quod]
922 3523 990 3587 quin,
1001 3522 1036 3572 A.

213 3607 251 3670 A,
261 3608 292 3666 Β,
303 3608 333 3658 C.
367 3607 423 3656 The
435 3607 516 3654 words
529 3608 564 3653 ila
576 3604 639 3667 quod
655 3619 721 3652 seem
801 3604 818 3634 ¹¹
831 3605 869 3668 in]
883 3619 931 3652 om.
944 3603 973 3652 C.

214 3695 241 3737 to
263 3688 329 3736 bure
348 3689 411 3735 been
429 3685 522 3749 caught
542 3700 576 3747 up
593 3684 659 3731 from
679 3683 721 3731 the
800 3684 817 3712 ¹⁴
829 3682 961 3746 accipitur]
975 3679 1118 3742 accipiatur,
1129 3679 1160 3727 B.

215 3765 346 3828 following
355 3766 414 3815 line.
800 3763 819 3791 ¹⁸
830 3760 940 3825 oiynure]
956 3758 1104 3822 significare,
1117 3757 1151 3806 A.

246 3845 318 3908 ’σιὀ]
333 3859 381 3893 om.
393 3844 424 3892 B.
800 3840 818 3869 ¹¹
829 3839 913 3902 super]
931 3853 1012 3900 supra,
1025 3835 1059 3893 A,
1071 3837 1100 3887 C.

247 3924 317 3987 ¹est]
332 3924 386 3981 erit,
399 3923 432 3980 A,
444 3923 473 3971 B.
800 3918 817 3947 ¹⁷
837 3916 1004 3982 siquifimbut]
1035 3914 1193 3979 significabit,
1221 3913 1267 3973 A,

248 4005 258 4032 ⁴
269 4002 322 4067 lic]
336 4019 385 4052 om.
400 4002 430 4050 B.
766 3997 847 4061 signat
858 3997 897 4045 vel
910 3995 1026 4059 signarit,
1038 3993 1059 4041 Ρ
1072 4014 1077 4051 ;
1092 3993 1209 4056 signavit,
1220 3991 1251 4043 O.

248 4084 259 4113 ⁸
271 4081 357 4146 cota]
377 4082 453 4129 verba
464 4079 518 4134 iste,
530 4079 559 4126 B.
800 4078 817 4106 ¹⁸
828 4072 995 4139 siqnificabut]
1015 4071 1105 4135 signat,
1118 4072 1147 4129 Β,
1159 4071 1188 4122 C.

249 4159 394 4225 'eompletd
409 4159 539 4220 completa,
551 4156 581 4206 C.
800 4156 818 4184 ¹⁰
838 4153 902 4217 Dei]
928 4166 976 4199 orn.
988 4150 1029 4208 133
1059 4150 1137 4214 regni,
1165 4158 1219 4199 text
1242 4149 1272 4199 of

249 4240 305 4303 ¹et]
320 4253 368 4287 om.
381 4238 410 4288 C.
767 4235 802 4282 St.
817 4234 849 4281 Λ.

249 4320 260 4348 ¹
270 4318 352 4382 uliud]
367 4327 391 4365 ct
403 4317 477 4370 uliud,
489 4314 522 4373 A,
535 4314 564 4364 C.
799 4313 818 4342 ¹⁰
829 4312 926 4360 zizanio
937 4308 1028 4373 cuum]
1049 4317 1092 4357 aut
1105 4307 1202 4357 zizania
1217 4307 1268 4370 sig·

250 4396 444 4459 ’conmsionid
458 4411 507 4444 om.
520 4395 549 4442 B.
766 4391 907 4447 nificabunt,
919 4398 973 4439 text
984 4390 1013 4439 of
1023 4390 1059 4439 St.
1072 4387 1106 4436 Λ.

251 4475 272 4506 ¹¹
282 4476 345 4540 sint]
359 4482 424 4533 sunt,
436 4476 465 4522 B.
798 4472 815 4501 ²¹
829 4468 939 4533 mulryni]
954 4469 1084 4530 malignos,
1096 4466 1126 4514 B.

251 4554 268 4584 ¹¹
281 4561 337 4603 sunl
349 4553 462 4617 diversae]
483 4560 541 4600 suut
555 4552 665 4612 adverse,
678 4549 704 4598 Α
712 4571 719 4610 ;
798 4550 818 4580 ²²
829 4548 883 4613 sed]
898 4541 1270 4605 seddictumesttextofsth.

218 4642 276 4683 sunt
288 4633 387 4682 diverse
398 4633 439 4681 vel
450 4634 561 4687 adverse,
574 4631 603 4681 C.
