3158 5490
574 732 753 783 rascrcmr
775 735 998 784 zrzsmoama
1237 718 1304 789 177

258 941 334 1006 quae
359 942 425 985 non
448 919 588 984 eundem
611 925 721 984 actum
744 920 876 998 habent,
900 921 1088 999 conficitur;
1109 921 1158 987 ita
1178 940 1305 1007 quoquc

258 1022 393 1087 ecclesia
406 1021 488 1086 Jesu
510 1021 641 1086 Christi

303 1123 356 1186 Ex
379 1123 430 1187 his
452 1123 651 1208 colliguntur
681 1122 784 1207 aliqui
814 1123 943 1188 articuli
973 1129 1106 1209 propter
1130 1145 1211 1208 quos
1232 1132 1452 1209 por-Summam

256 1229 308 1288 aa
330 1222 441 1289 saera
464 1223 588 1288 curas
609 1229 703 1287 sare.
1317 1200 1347 1249 οἳ
1359 1214 1418 1249 ⁰⁰¹¹·

305 1329 332 1388 1.
357 1325 487 1390 Primus
523 1329 581 1402 ast,
620 1323 708 1409 quod
746 1323 941 1389 eucharistia
970 1331 1020 1390 est
1045 1347 1124 1391 vera
1160 1348 1234 1392 caro
1272 1333 1306 1392 et
1317 1267 1459 1382 mlh

256 1448 356 1491 verus
377 1427 510 1513 sanguis
531 1426 614 1491 Jesu
644 1424 787 1491 Christi}

305 1529 336 1590 2.
359 1526 526 1593 Swundus
545 1533 603 1604 est,
626 1526 713 1611 quod
728 1548 842 1611 corpus
861 1526 997 1592 Christi⁹
1016 1532 1066 1591 est
1088 1528 1309 1614 principaliter

258 1629 297 1692 in
323 1632 531 1703 sacramento,
558 1634 593 1693 et
621 1627 769 1703 identice‚
795 1628 1063 1705 substantialiter,
1091 1630 1307 1713 corporaliter,

258 1728 464 1804 naturaliter,
491 1728 670 1805 camaliter‚
698 1729 921 1807 essentialiter,
952 1726 1101 1814 simplex,
1130 1730 1306 1814 spirituale,

258 1835 295 1895 et
310 1830 467 1906 divinum,
484 1835 583 1913 atque
600 1829 777 1907 vivificum,
793 1852 860 1895 non
881 1852 923 1894 ex
943 1853 986 1908 se,
1009 1832 1066 1894 sed
1088 1852 1146 1916 per
1167 1831 1308 1916 gratiam

259 1929 449 1995 salvatoris

304 2034 333 2096 3.
357 2031 487 2096 Tertius
522 2031 679 2096 articulus
706 2038 763 2107 est,
803 2032 890 2115 quod
923 2055 982 2118 per
1016 2033 1116 2097 verba
1145 2054 1308 2098 consecra-

258 2133 359 2197 tionis
384 2133 478 2218 panis
503 2138 538 2197 et
561 2133 684 2208 vinum,
710 2133 886 2216 exquibus
909 2133 1163 2219 consequuntur'
1182 2156 1256 2199 caro
1274 2140 1309 2199 et

258 2234 391 2319 sanguis
416 2234 548 2310 Christi,
575 2233 729 2298 desinunt
754 2256 829 2298 essa

305 2338 333 2397 l.
358 2334 502 2414 Quartus
525 2335 680 2398 articulus
696 2341 754 2410 est,
776 2336 957 2419 quodcum
980 2337 1073 2420 panis
1088 2342 1123 2401 et
1141 2336 1212 2400 vini
1234 2336 1309 2400 suh

257 2437 391 2500 stantiae
437 2435 674 2500 subtrahantur
719 2456 777 2520 por
813 2436 914 2500 verba
960 2436 1091 2515 Christi,
1130 2437 1310 2501 accidentia

258 2557 335 2620 quae
359 2542 536 2612 remanent,
568 2558 635 2600 non
658 2541 828 2600 remanent
852 2535 1040 2619 subjectata

306 2636 386 2700 Istis
410 2637 558 2703 omnibus
592 2638 800 2701 consentiunt
824 2637 889 2713 alii,
915 2636 1090 2699 dummodo
1116 2636 1238 2721 tropice
1259 2637 1309 2700 in-

257 2738 461 2822 telligantur,
489 2738 606 2822 quibus
636 2759 654 2802 e
684 2735 850 2802 converso⁴
879 2741 1066 2801 constanter
1097 2736 1240 2811 dicimus,
1275 2742 1310 2801 et

258 2838 397 2904 dicendo
425 2838 606 2924 repetimus,
631 2839 770 2902 fundent
793 2839 829 2900 in
859 2838 969 2920 aliquo
994 2836 1125 2900 homine
1154 2836 1311 2902 catholico

259 2939 350 3024 quod
378 2941 414 3002 in
442 2939 515 3004 istis
543 2939 652 3004 verbis
685 2938 980 3013 sacramentalibus,
1008 2936 1081 3000 Hoc
1111 2943 1157 3001 est
1187 2957 1309 3021 corpus

259 3061 400 3118 tracum
431 3039 503 3104 Hc'c
524 3046 571 3104 eat
593 3038 740 3122 coapata
766 3059 869 3116 cneus,
893 3038 955 3102 hoc
976 3037 1113 3101 verbum
1137 3059 1205 3102 esse
1228 3039 1309 3102 acci-

260 3143 371 3227 piatur
399 3141 530 3226 tropice,
562 3146 596 3205 et
626 3140 802 3204 secundum
832 3139 1109 3224 significationem,
1139 3139 1189 3201 ita
1221 3139 1310 3222 quod

260 3264 329 3307 non
357 3242 517 3320 identioe3
551 3246 585 3305 et
611 3241 770 3304 oredimus
800 3241 853 3304 eis.
909 3238 1004 3318 Quod
1033 3239 1111 3323 quia
1144 3261 1213 3304 non
1238 3261 1309 3324 pos

262 3349 366 3423 sunt3
403 3348 509 3407 totam
548 3342 729 3406 doctrinam
755 3341 916 3425 rejicimus
953 3345 1112 3425 tanquam
1148 3339 1307 3417 frivolam,

261 3466 329 3509 non
350 3443 531 3518 fundatam,
553 3440 656 3506 et⁶.in
674 3464 798 3506 sacram
820 3441 1021 3528 Scripturam
1041 3441 1141 3527 impie
1160 3441 1308 3527 blasphe

260 3541 428 3609 mantem⁶
548 3551 552 3558 '

307 3645 522 3710 Conciderant
558 3644 657 3728 hujus
695 3644 849 3708 doctrinas
888 3640 1056 3708 auctores⁷
1093 3649 1128 3708 et
1163 3643 1307 3708 fautores
1318 3640 1441 3694 matred

260 3752 423 3838 quantum
436 3746 615 3831 pericrrlum
629 3745 779 3809 imminet
794 3744 933 3809 ecolasiae
947 3766 1005 3830 per
1019 3744 1103 3808 hanc
1117 3744 1306 3822 doctrinam,
1320 3721 1426 3838 ἓξὲξ..
1436 3770 1467 3822 os

295 4205 302 4235 ¹
317 4202 361 4251 Ex
372 4201 506 4253 ta-Jau
518 4201 624 4267 otrus]
639 4218 687 4252 om
699 4201 732 4251 A.
840 4203 849 4231 '
863 4201 1020 4253 Conciderant
1035 4228 1069 4240 -
1084 4205 1206 4270 ancoras]
1226 4205 1307 4255 consi·

281 4283 305 4338 ,²
319 4280 426 4346 chriso]
441 4295 489 4331 om.
501 4282 535 4331 Δ.
807 4283 897 4331 derunt
907 4281 1050 4344 hujumodi
1060 4282 1179 4333 doctrina
1187 4285 1307 4344 doctores,

294 4360 504 4424 'wmeqaantarJ
518 4366 701 4417 consecrantur,
713 4359 742 4410 G.
809 4361 883 4424 impie
903 4360 1114 4424 blasphemantem
1131 4369 1250 4421 auctores,
1265 4363 1307 4420 A;

294 4439 305 4466 ⁴
318 4437 443 4502 cormac]
463 4447 557 4498 contra,
568 4439 602 4487 A.
810 4439 851 4488 the
880 4440 961 4488 words
992 4439 1067 4502 impis
1094 4440 1307 4504 blasphemantem

292 4515 352 4580 ¹ee]
371 4530 419 4566 om
431 4515 466 4574 Δ,
477 4516 507 4566 0.
810 4517 886 4582 being
901 4531 930 4567 so
947 4517 1054 4568 inserted
1064 4516 1091 4567 in
1102 4518 1144 4569 the
1154 4519 1253 4585 margin
1270 4520 1306 4581 by

294 4594 390 4659 ‘impie
401 4591 611 4660 blaeplemantem]
630 4592 723 4648 emh.
812 4595 854 4645 the
865 4595 1015 4646 manscriber
1025 4596 1132 4648 himself.
