3158 5490
322 723 388 788 410
633 735 813 788 rasmcnm
835 734 1060 789 marmanum

320 921 532 997 infirmitatis
564 922 618 987 vel
648 923 831 989 salvatione
861 923 1022 990 bonerum
1045 921 1298 1010 temporalium,
1327 919 1376 986 rel

320 1024 530 1109 hujusmodi3
552 1045 621 1090 non
644 1029 776 1091 tenetur
798 1026 931 1113 implere
954 1025 1037 1090 illud
1059 1030 1192 1103 votum,
1218 1024 1261 1090 de
1279 1045 1379 1090 neees-

321 1127 419 1192 sitate
443 1127 559 1192 salutis
585 1133 740 1208 aetemae3
764 1129 822 1195 sed
844 1149 1002 1216 expensas
1024 1127 1098 1193 voti
1122 1125 1378 1194 distribuerem

320 1230 541 1316 eleemosynas
563 1251 753 1318 pauperum,
777 1230 932 1318 prudenti
954 1228 1090 1297 oonsilio
1104 1228 1160 1296 sui
1183 1229 1365 1318 superioria

819 1481 878 1550 VI.

153 1646 306 1706 Theeuaha-
366 1643 530 1712 Item’t
479 1670 514 1711 ιιι
515 1648 702 1733 terrogatus
725 1643 766 1711 de
792 1650 995 1711 sacramento
1025 1640 1143 1710 altaris
1175 1642 1260 1723 dixi,
1293 1642 1377 1732 quod

319 1754 394 1837 post
438 1749 653 1836 prolationem
691 1746 865 1814 verborum
906 1746 1198 1814 sacramentalium
1236 1746 1377 1836 eorporis

321 1851 454 1931 Christi,
484 1854 632 1916 remanet
668 1850 762 1937 panis
799 1872 897 1936 quern
939 1849 1129 1937 frangimus,
1171 1848 1261 1916 sieut
1301 1848 1378 1915 dicit

319 1953 493 2039 apostolus,
512 1957 528 2017 1
545 1953 616 2019 Cor.
629 1970 660 2017 x.
680 1950 743 2030 16,l
755 1974 814 2018 nec
829 1952 950 2018 desinit
965 1974 1032 2019 esse
1054 1952 1150 2039 panis
1166 1951 1377 2039 simplieitar;

319 2055 451 2120 sedeat
477 2055 572 2141 panis
598 2061 739 2136 sanatus,
769 2077 867 2120 verus
893 2059 927 2120 et
952 2055 1058 2132 vivus,
1091 2060 1130 2120 ut
1162 2055 1248 2120 dicit
1279 2076 1375 2120 evan·

318 2156 441 2243 galium
479 2156 650 2234 Johannis,
674 2177 741 2244 cap.
766 2173 813 2223 vl.
835 2161 894 2237 51;
926 2156 1028 2223 etsie
1050 2156 1147 2222 eredo
1179 2156 1373 2224 firmioeima

320 2257 365 2324 Et
379 2258 455 2324 volo
479 2259 731 2346 credamusque
755 2259 798 2325 ad
822 2258 978 2325 ultimum
1000 2258 1081 2326 vitae
1105 2280 1199 2337 meae,
1227 2259 1303 2327 Deo
1324 2280 1373 2324 me

319 2361 508 2448 adjuvante,
539 2362 617 2428 lieet
646 2361 767 2428 moriar
797 2383 857 2448 pro
894 2361 958 2428 isto
991 2360 1139 2439 articulo,
1171 2361 1265 2448 qnod
1295 2361 1374 2429 illud

319 2464 504 2530 venerabile
535 2470 774 2530 sacramentum
808 2469 859 2530 est
887 2486 1003 2530 verum
1033 2484 1151 2551 eorpus
1183 2463 1311 2531 Christi
1341 2462 1374 2528 in

318 2567 424 2632 forma
445 2564 547 2653 panis,
571 2567 657 2632 sieut
679 2570 820 2632 testatur
835 2567 867 2632 S.
883 2566 1090 2654 Augustinus
1108 2566 1145 2631 in
1166 2566 1373 2633 sermonibus

318 2669 393 2747 suis,
411 2673 445 2733 et
466 2668 601 2755 ponitur
622 2668 657 2732 in
681 2689 803 2735 canone
826 2666 867 2734 de
888 2668 1148 2746 consecratione,
1164 2668 1243 2746 dist,
1261 2672 1292 2750 2,
1307 2690 1373 2757 asp.

322 2770 393 2853 Qui
422 2770 680 2851 manuascae-²
710 2771 768 2835 ubi
795 2770 840 2836 sie
866 2771 986 2837 scribit.
1045 2771 1179 2852 “Quod
1210 2771 1372 2848 videtur,”

318 2872 437 2958 inquit,
454 2873 577 2960 “panis
592 2878 650 2950 est,
667 2878 701 2939 et
721 2873 807 2938 aalix
823 2875 911 2960 quod
926 2873 1010 2940 oculi
1025 2873 1230 2941 renuntiant
1279 2874 1373 2956 Quod

320 2975 448 3040 “aliter
470 2974 552 3042 fides
581 2975 797 3063 postularent
826 2973 1025 3056 instruenda,
1052 2977 1149 3065 panis
1171 2982 1225 3043 est
1258 2998 1373 3067 eorpus

320 3087 338 3116 “
355 3076 507 3144 Christi?

801 3310 881 3382 VII.

151 3474 195 3533 liu
196 3498 255 3534 man
364 3475 451 3542 Item
481 3470 703 3564 interrogatus
733 3475 811 3552 dixi,
844 3472 932 3562 quod
957 3479 1070 3543 teneor
1100 3477 1207 3566 magis
1238 3478 1373 3547 adorare

150 3557 226 3666 mirer
225 3567 305 3668 em
318 3579 482 3645 hominem
510 3578 786 3666 praedestinatum,
813 3600 890 3645 vere
914 3579 1103 3656 confessum,
1125 3584 1162 3645 et
1183 3582 1372 3661 contritum,

150 3682 276 3735 ablethan
318 3682 404 3748 sieut
419 3682 624 3759 Matthaeum,
642 3682 695 3746 vel
711 3681 853 3747 Mariam
870 3681 1107 3769 Magdalenam,
1125 3688 1161 3748 et
1175 3684 1259 3750 alias
1282 3685 1371 3761 tales,

149 3748 252 3815 ’ΨΜ
318 3803 418 3870 quam
442 3784 583 3870 aliquem
608 3784 761 3870 angelum
789 3783 876 3864 Dei3
906 3791 1047 3901 propter·
1067 3783 1251 3852 humanam
1279 3793 1373 3853 natu·

317 3908 388 3952 ram
411 3887 535 3964 deitati,
560 3887 613 3952 vel
636 3885 808 3952 deitatem³
829 3887 967 3966 unitam,
992 3887 1070 3974 quia
1092 3887 1239 3954 humana
1253 3897 1372 3957 natura

317 3995 369 4056 est
382 3990 479 4056 modo
494 3989 641 4055 exaltata
655 4010 752 4076 super
774 4011 887 4055 omnes
904 3990 1020 4056 choros
1039 3990 1243 4078 angelorum.
1290 3992 1371 4058 Vola

317 4098 429 4159 tamen
461 4097 638 4179 utrumque
662 4091 798 4159 adorare
828 4092 938 4159 debite
965 4098 999 4159 et
1023 4092 1155 4173 devote,
1179 4094 1371 4162 ademtione

317 4195 423 4261 duliae.

525 4432 567 4439 -ι,
586 4433 654 4440 -——-
664 4433 844 4443 -α--υι-
852 4435 1193 4444 naa-am*
1201 4434 1371 4448 ——a

349 4591 356 4621 ¹
371 4594 384 4638 l
399 4589 455 4643 Cor.
468 4604 493 4643 r.
509 4591 552 4660 lt]
567 4592 624 4646 Car.
636 4592 680 4657 xi,
693 4592 749 4646 MS.
901 4592 1043 4661 ‘deieuoem]
1065 4592 1157 4662 suppl)-
1167 4593 1329 4660 ammian,
1344 4610 1373 4649 er

348 4671 526 4739 'medaeam
540 4674 681 4738 manducat,
693 4673 750 4726 MS.
866 4675 1008 4741 something
1019 4675 1169 4741 equivuena
