3158 5490
342 730 407 793 420
654 740 832 791 rascrcanr
855 738 1082 791 zrznmoaurr.

838 926 894 990 IV.

172 1054 304 1121 ffluabju·
386 1041 471 1107 Itcm
508 1042 572 1106 tibi
602 1040 748 1117 dicimus,
780 1040 949 1126 objicimus
979 1046 1014 1104 εὴ
1043 1038 1272 1126 proponimus,
1312 1038 1392 1125 quod

172 1123 260 1174 ration.

339 1144 581 1228 subsequenter,
620 1144 785 1208 occasione
830 1148 963 1207 tuarum
1005 1141 1189 1227 scripturae,
1232 1141 1389 1213 doctrina,

340 1245 581 1331 praedicationis
611 1245 849 1332 praedictarum,
877 1250 910 1309 et
940 1243 1080 1307 aliarum
1111 1264 1336 1315 erronearum,
1360 1248 1390 1307 et

340 1347 573 1421 haereticamm,
605 1347 699 1411 fuimi
738 1368 845 1411 coram
882 1343 1156 1410 reverendissimo
1194 1345 1235 1411 in
1267 1345 1389 1412 Christo

340 1454 432 1534 patre
448 1471 484 1513 ac
500 1448 630 1513 domino
657 1447 802 1513 Henrico
824 1446 888 1512 Dei
910 1445 1018 1533 gratia
1033 1445 1274 1512 Cantuariensi
1296 1446 1389 1513 arcti·

341 1550 497 1637 episcopo,
536 1551 639 1616 totius
669 1551 799 1636 Anglioe
831 1549 984 1636 primate,
1016 1553 1050 1613 ct
1081 1548 1277 1634 apostolicas
1313 1548 1388 1613 sedis

269 1630 277 1644 ⁰
340 1652 448 1739 legato
485 1659 609 1718 tractus
641 1651 851 1737 judicialiter,
888 1656 922 1716 εὴ
958 1655 1148 1727 conventus,
1189 1656 1227 1715 et
1266 1650 1388 1717 dunum

340 1776 437 1841 super
466 1754 648 1841 praemissis,
681 1760 715 1818 εὴ
746 1753 819 1818 aliis
849 1752 1011 1817 erroribus
1040 1757 1075 1816 et
1104 1751 1293 1819 haeresibus
1320 1774 1388 1819 con·

340 1857 457 1934 victus,
489 1879 547 1922 scu
577 1856 703 1931 saltem,
734 1854 812 1940 quia
842 1855 948 1919 dictus
978 1852 1276 1920 reverendissimus
1303 1860 1388 1941 patar

339 1964 373 2023 tc
403 1980 500 2044 super
529 1957 682 2023 haeretica
707 1957 872 2044 pravitate
898 1956 1040 2021 habebat
1073 1954 1294 2023 vehementer
1326 1978 1388 2023 sau·

338 2064 477 2145 pectum,
495 2081 606 2124 omncs
633 2066 667 2124 ct
691 2058 893 2123 omnimodas
915 2057 1051 2123 haercsas
1074 2063 1109 2122 et
1133 2079 1265 2125 esrom
1287 2080 1386 2125 coram

339 2160 451 2225 eodem
489 2161 757 2227 reverendissimo
793 2166 886 2247 patre
919 2159 1130 2245 judicialiter,
1164 2166 1202 2227 et
1240 2160 1279 2228 in
1311 2161 1387 2247 juris

339 2261 444 2327 forma
465 2261 632 2347 abjurasti.

384 2364 489 2451 Super
526 2386 591 2450 quo
625 2364 762 2430 articulo
800 2364 906 2429 dictus
937 2362 1123 2429 Willehnus
1153 2362 1286 2451 Wbyte
1315 2372 1388 2431 trina

338 2466 460 2531 ibidem
483 2468 691 2533 examinatus
718 2466 927 2551 judicialiter,
951 2463 1120 2530 fatebatur
1141 2470 1178 2531 et
1202 2468 1388 2553 recognovit

338 2570 426 2655 quod
451 2570 520 2655 ipsc
544 2569 710 2655 abjurarit
740 2589 848 2633 coram
877 2566 1146 2633 reverendissimo
1178 2572 1278 2655 patre
1303 2568 1388 2655 judi·

338 2671 463 2735 cialiter
493 2671 625 2736 domino
666 2669 903 2756 archiepiscopo
934 2668 1165 2735 (lantuariensi
1206 2691 1323 2736 omncs
1356 2676 1387 2735 et

339 2773 540 2837 omnimodas
572 2773 708 2838 haereses
731 2779 764 2836 et
787 2793 917 2847 errores,
942 2792 1000 2857 pro
1023 2792 1061 2835 ec
1083 2770 1174 2855 quod
1201 2771 1273 2857 ipse
1296 2772 1388 2837 habe

338 2873 437 2938 batur
459 2874 501 2938 ab
525 2875 596 2961 ipso
618 2874 829 2939 vehementer
861 2878 1028 2959 suspectus
1051 2873 1092 2937 de
1119 2872 1246 2938 haeresi.
1294 2872 1388 2939 Dixit

337 2979 447 3039 tamen
475 2975 562 3060 quod
588 2975 655 3060 ipse
685 2997 750 3038 non
781 2974 846 3038 suit
880 2974 969 3060 prius
1000 2974 1170 3039 convictus
1203 2976 1246 3040 de
1276 2974 1388 3045 haerui

337 3081 414 3142 ante
438 3076 558 3141 dictam
582 3098 674 3141 suam
697 3074 943 3160 abjurationem.

843 3278 881 3341 V.

169 3434 312 3489 ninum.
382 3419 468 3484 Item
492 3419 555 3484 tibi
578 3419 715 3483 dicimus
733 3424 767 3482 et
785 3417 963 3501 objicimus,
987 3416 1075 3502 quod
1097 3422 1174 3501 post
1196 3418 1386 3502 praedietam

167 3580 245 3632 ΠΨ,

169 3512 246 3579 ‘1⁰⁰⁰‘
259 3520 324 3555 ω’·
336 3527 430 3586 tuam
460 3520 698 3605 abjauationem
737 3519 780 3583 ad
817 3520 914 3583 istam
952 3523 1098 3582 nostram
1128 3515 1386 3603 Norwycensem

337 3622 502 3687 dioecesim
525 3628 559 3687 tc
582 3619 790 3696 transtulisti,
814 3619 872 3683 ubi
895 3618 1030 3703 abjectis
1052 3624 1191 3682 tonsura
1212 3626 1251 3684 et
1273 3619 1386 3686 habitu

334 3720 621 3807 prcsbytcmlibus,
670 3721 798 3786 cuidam
848 3720 976 3785 mulieri
1014 3718 1196 3784 Jobannae¹
1247 3710 1384 3793 nbmine,

334 3842 432 3905 quam
470 3826 578 3885 tccum
615 3822 792 3897 adduxisti,
824 3822 859 3885 in
890 3820 1069 3885 fornicariis
1099 3825 1134 3884 et
1164 3820 1293 3887 illicitis
1322 3844 1385 3887 am-

333 3919 489 4007 plexibus,
517 3921 579 3986 sub
608 3922 713 3987 colore
743 3921 952 3998 matrimonii,
976 3920 1069 4006 quasi
1099 3920 1204 3986 laicus
1233 3924 1383 3993 vivendo.

332 4042 390 4107 per
415 4020 583 4086 biennium
606 4029 640 4087 et
662 4024 757 4100 ultra,
785 4022 871 4088 infra
893 4022 1015 4088 dictam
1037 4027 1186 4087 nostram
1211 4023 1383 4100 dioeccsinr,

333 4122 563 4189 damnabiliter
585 4124 758 4190 adhaesisti.

377 4223 482 4311 Super
514 4248 579 4311 quo
610 4226 747 4290 articulo
773 4226 975 4310 judicialiter
1004 4224 1181 4302 fatebatur,
1211 4234 1246 4292 et
1277 4250 1384 4315 recog·

331 4325 425 4391 novit
451 4327 626 4392 articulum
653 4327 758 4392 dictus
785 4327 969 4393 Willelmus
996 4326 1121 4411 Whyte
1153 4333 1236 4393 tunc
1263 4329 1382 4394 ibidem

640 4530 708 4537 ..n--
724 4530 819 4537 --—--
874 4531 913 4536 ---
946 4531 990 4536 ..-.
1006 4531 1023 4537 --
1090 4532 1096 4537 .
1114 4532 1154 4538 ..-
1166 4533 1169 4537 .
1182 4530 1377 4542 ——-.-—

708 4654 716 4685 ¹
728 4652 862 4723 lotam]
876 4652 943 4717 loha,
955 4652 1011 4707 MS.
