<?xml version="1.0" encoding="UTF-8"?>
<!DOCTYPE html PUBLIC "-//W3C//DTD XHTML 1.0 Transitional//EN"
    "http://www.w3.org/TR/xhtml1/DTD/xhtml1-transitional.dtd">
<html xmlns="http://www.w3.org/1999/xhtml" xml:lang="en" lang="en">
 <head>
  <title>
</title>
<meta http-equiv="Content-Type" content="text/html;charset=utf-8" />
  <meta name='ocr-system' content='tesseract 3.04.00' />
  <meta name='ocr-capabilities' content='ocr_page ocr_carea ocr_par ocr_line ocrx_word'/>
</head>
<body>
  <div class='ocr_page' id='page_1' title='image "./fasciculizizani00nettgoog_0242.png"; bbox 0 0 3008 5490; ppageno 0'>
   <div class='ocr_carea' id='block_1_1' title="bbox 542 737 1272 798">
    <p class='ocr_par' dir='ltr' id='par_1_1' title="bbox 542 737 1272 798">
     <span class='ocr_line' id='line_1_1' title="bbox 542 737 1272 798; baseline 0.005 -4"><span class='ocrx_word' id='word_1_1' title='bbox 542 743 722 796; x_wconf 68' lang='lat' dir='ltr'>stamnum</span> <span class='ocrx_word' id='word_1_2' title='bbox 744 745 969 797; x_wconf 67' lang='lat' dir='ltr'>mamertum</span> <span class='ocrx_word' id='word_1_3' title='bbox 1210 737 1272 798; x_wconf 78' lang='lat'>141</span> 
     </span>
    </p>
   </div>
   <div class='ocr_carea' id='block_1_2' title="bbox 222 930 1277 1824">
    <p class='ocr_par' dir='ltr' id='par_1_2' title="bbox 227 930 1277 1100">
     <span class='ocr_line' id='line_1_2' title="bbox 227 930 1277 1018; baseline 0.001 -22"><span class='ocrx_word' id='word_1_4' title='bbox 227 941 247 969; x_wconf 85' lang='lat'><strong><em>“</em></strong></span> <span class='ocrx_word' id='word_1_5' title='bbox 261 932 336 998; x_wconf 87' lang='lat' dir='ltr'>Hoc</span> <span class='ocrx_word' id='word_1_6' title='bbox 364 935 477 996; x_wconf 81' lang='lat' dir='ltr'>autem</span> <span class='ocrx_word' id='word_1_7' title='bbox 500 930 572 995; x_wconf 92' lang='lat' dir='ltr'>dico</span> <span class='ocrx_word' id='word_1_8' title='bbox 600 952 668 996; x_wconf 94' lang='lat' dir='ltr'>non</span> <span class='ocrx_word' id='word_1_9' title='bbox 689 930 836 996; x_wconf 88' lang='lat' dir='ltr'>auferens</span> <span class='ocrx_word' id='word_1_10' title='bbox 866 932 1005 1018; x_wconf 85' lang='lat' dir='ltr'>corporis</span> <span class='ocrx_word' id='word_1_11' title='bbox 1035 935 1196 1010; x_wconf 88' lang='lat' dir='ltr'>naturam,</span> <span class='ocrx_word' id='word_1_12' title='bbox 1220 933 1277 997; x_wconf 90' lang='lat' dir='ltr'>sed</span> 
     </span>
     <span class='ocr_line' id='line_1_3' title="bbox 228 1031 1192 1100; baseline 0 -2"><span class='ocrx_word' id='word_1_13' title='bbox 228 1033 504 1098; x_wconf 85' lang='lat' dir='ltr'>“vivificativum</span> <span class='ocrx_word' id='word_1_14' title='bbox 526 1032 587 1097; x_wconf 93' lang='lat' dir='ltr'>hoc</span> <span class='ocrx_word' id='word_1_15' title='bbox 611 1031 660 1097; x_wconf 91' lang='lat' dir='ltr'>et¹</span> <span class='ocrx_word' id='word_1_16' title='bbox 687 1033 836 1097; x_wconf 81' lang='lat' dir='ltr'>divinum</span> <span class='ocrx_word' id='word_1_17' title='bbox 862 1035 1030 1099; x_wconf 74' lang='lat' dir='ltr'>ostendere</span> <span class='ocrx_word' id='word_1_18' title='bbox 1054 1033 1192 1100; x_wconf 89' lang='lat' dir='ltr'>volens.&#39;&#39;</span> 
     </span>
    </p>

    <p class='ocr_par' dir='ltr' id='par_1_3' title="bbox 222 1133 1277 1824">
     <span class='ocr_line' id='line_1_4' title="bbox 272 1133 1277 1220; baseline 0.002 -22"><span class='ocrx_word' id='word_1_19' title='bbox 272 1135 319 1198; x_wconf 83' lang='lat' dir='ltr'>Et</span> <span class='ocrx_word' id='word_1_20' title='bbox 340 1135 477 1198; x_wconf 81' lang='lat' dir='ltr'>videtur</span> <span class='ocrx_word' id='word_1_21' title='bbox 506 1155 635 1219; x_wconf 83' lang='lat' dir='ltr'>grossus</span> <span class='ocrx_word' id='word_1_22' title='bbox 666 1133 874 1220; x_wconf 88' lang='lat' dir='ltr'>philosophus</span> <span class='ocrx_word' id='word_1_23' title='bbox 896 1136 954 1220; x_wconf 92' lang='lat' dir='ltr'>qui</span> <span class='ocrx_word' id='word_1_24' title='bbox 980 1136 1083 1200; x_wconf 87' lang='lat' dir='ltr'>nescit</span> <span class='ocrx_word' id='word_1_25' title='bbox 1111 1135 1277 1220; x_wconf 83' lang='lat' dir='ltr'>concipere</span> 
     </span>
     <span class='ocr_line' id='line_1_5' title="bbox 225 1232 1276 1322; baseline -0.001 -21"><span class='ocrx_word' id='word_1_26' title='bbox 225 1237 370 1322; x_wconf 90' lang='lat' dir='ltr'>corporis</span> <span class='ocrx_word' id='word_1_27' title='bbox 389 1232 552 1309; x_wconf 79' lang='lat' dir='ltr'>naturam,</span> <span class='ocrx_word' id='word_1_28' title='bbox 568 1256 636 1300; x_wconf 93' lang='lat' dir='ltr'>non</span> <span class='ocrx_word' id='word_1_29' title='bbox 655 1235 863 1321; x_wconf 88' lang='lat' dir='ltr'>concipiendo</span> <span class='ocrx_word' id='word_1_30' title='bbox 880 1238 1019 1322; x_wconf 87' lang='lat' dir='ltr'>corporis</span> <span class='ocrx_word' id='word_1_31' title='bbox 1034 1237 1276 1321; x_wconf 67' lang='lat' dir='ltr'>quantitatem</span> 
     </span>
     <span class='ocr_line' id='line_1_6' title="bbox 222 1335 1276 1423; baseline 0.001 -23"><span class='ocrx_word' id='word_1_32' title='bbox 222 1336 387 1423; x_wconf 84' lang='lat' dir='ltr'>longeque</span> <span class='ocrx_word' id='word_1_33' title='bbox 401 1336 541 1422; x_wconf 73' lang='lat' dir='ltr'>grossior</span> <span class='ocrx_word' id='word_1_34' title='bbox 555 1335 724 1421; x_wconf 84' lang='lat' dir='ltr'>theologus</span> <span class='ocrx_word' id='word_1_35' title='bbox 739 1337 797 1420; x_wconf 92' lang='lat' dir='ltr'>qui</span> <span class='ocrx_word' id='word_1_36' title='bbox 812 1337 916 1402; x_wconf 85' lang='lat' dir='ltr'>nescit</span> <span class='ocrx_word' id='word_1_37' title='bbox 929 1338 1118 1423; x_wconf 87' lang='lat' dir='ltr'>intelligere,</span> <span class='ocrx_word' id='word_1_38' title='bbox 1135 1343 1276 1403; x_wconf 89' lang='lat' dir='ltr'>autnon</span> 
     </span>
     <span class='ocr_line' id='line_1_7' title="bbox 227 1436 1275 1523; baseline 0.001 -21"><span class='ocrx_word' id='word_1_39' title='bbox 227 1439 314 1515; x_wconf 87' lang='lat' dir='ltr'>vult,</span> <span class='ocrx_word' id='word_1_40' title='bbox 340 1437 428 1521; x_wconf 93' lang='lat' dir='ltr'>quod</span> <span class='ocrx_word' id='word_1_41' title='bbox 453 1436 544 1500; x_wconf 91' lang='lat' dir='ltr'>Deus</span> <span class='ocrx_word' id='word_1_42' title='bbox 569 1437 773 1522; x_wconf 89' lang='lat' dir='ltr'>omnipotens</span> <span class='ocrx_word' id='word_1_43' title='bbox 800 1443 908 1521; x_wconf 79' lang='lat' dir='ltr'>potest</span> <span class='ocrx_word' id='word_1_44' title='bbox 930 1437 1033 1502; x_wconf 85' lang='lat' dir='ltr'>facere</span> <span class='ocrx_word' id='word_1_45' title='bbox 1057 1438 1181 1523; x_wconf 89' lang='lat' dir='ltr'>aliquid</span> <span class='ocrx_word' id='word_1_46' title='bbox 1206 1460 1275 1503; x_wconf 88' lang='lat' dir='ltr'>esse</span> 
     </span>
     <span class='ocr_line' id='line_1_8' title="bbox 226 1537 1276 1623; baseline 0.001 -21"><span class='ocrx_word' id='word_1_47' title='bbox 226 1560 346 1623; x_wconf 71' lang='lat' dir='ltr'>cerpus</span> <span class='ocrx_word' id='word_1_48' title='bbox 361 1539 401 1602; x_wconf 89' lang='lat' dir='ltr'>de</span> <span class='ocrx_word' id='word_1_49' title='bbox 422 1558 536 1623; x_wconf 87' lang='lat' dir='ltr'>genere</span> <span class='ocrx_word' id='word_1_50' title='bbox 556 1537 758 1613; x_wconf 71' lang='lat' dir='ltr'>substantiae,</span> <span class='ocrx_word' id='word_1_51' title='bbox 776 1558 849 1601; x_wconf 88' lang='lat' dir='ltr'>cum</span> <span class='ocrx_word' id='word_1_52' title='bbox 871 1537 931 1602; x_wconf 92' lang='lat' dir='ltr'>hoc</span> <span class='ocrx_word' id='word_1_53' title='bbox 954 1539 1042 1622; x_wconf 89' lang='lat' dir='ltr'>quod</span> <span class='ocrx_word' id='word_1_54' title='bbox 1063 1560 1131 1602; x_wconf 91' lang='lat' dir='ltr'>non</span> <span class='ocrx_word' id='word_1_55' title='bbox 1149 1539 1194 1603; x_wconf 91' lang='lat' dir='ltr'>sit</span> <span class='ocrx_word' id='word_1_56' title='bbox 1208 1561 1276 1604; x_wconf 86' lang='lat' dir='ltr'>cor-</span> 
     </span>
     <span class='ocr_line' id='line_1_9' title="bbox 228 1637 1276 1724; baseline 0.001 -21"><span class='ocrx_word' id='word_1_57' title='bbox 228 1661 296 1724; x_wconf 88' lang='lat' dir='ltr'>pus</span> <span class='ocrx_word' id='word_1_58' title='bbox 319 1639 359 1703; x_wconf 88' lang='lat' dir='ltr'>de</span> <span class='ocrx_word' id='word_1_59' title='bbox 381 1659 493 1722; x_wconf 86' lang='lat' dir='ltr'>genere</span> <span class='ocrx_word' id='word_1_60' title='bbox 514 1639 719 1723; x_wconf 73' lang='lat' dir='ltr'>quantitatis.</span> <span class='ocrx_word' id='word_1_61' title='bbox 765 1637 832 1702; x_wconf 83' lang='lat' dir='ltr'>Sed</span> <span class='ocrx_word' id='word_1_62' title='bbox 857 1637 967 1702; x_wconf 90' lang='lat' dir='ltr'>fideles</span> <span class='ocrx_word' id='word_1_63' title='bbox 989 1637 1172 1724; x_wconf 91' lang='lat' dir='ltr'>philosophi</span> <span class='ocrx_word' id='word_1_64' title='bbox 1196 1640 1276 1704; x_wconf 87' lang='lat' dir='ltr'>satis</span> 
     </span>
     <span class='ocr_line' id='line_1_10' title="bbox 231 1737 1276 1824; baseline 0 -20"><span class='ocrx_word' id='word_1_65' title='bbox 231 1740 343 1804; x_wconf 87' lang='lat' dir='ltr'>sciunt</span> <span class='ocrx_word' id='word_1_66' title='bbox 361 1740 425 1803; x_wconf 83' lang='lat' dir='ltr'>ista</span> <span class='ocrx_word' id='word_1_67' title='bbox 445 1740 617 1824; x_wconf 89' lang='lat' dir='ltr'>concipere,</span> <span class='ocrx_word' id='word_1_68' title='bbox 634 1761 709 1803; x_wconf 89' lang='lat' dir='ltr'>cum</span> <span class='ocrx_word' id='word_1_69' title='bbox 724 1738 885 1822; x_wconf 84' lang='lat' dir='ltr'>Dionysio</span> <span class='ocrx_word' id='word_1_70' title='bbox 909 1743 943 1802; x_wconf 91' lang='lat' dir='ltr'>et</span> <span class='ocrx_word' id='word_1_71' title='bbox 963 1737 1172 1816; x_wconf 66' lang='lat' dir='ltr'>Damascene</span> <span class='ocrx_word' id='word_1_72' title='bbox 1188 1741 1276 1823; x_wconf 91' lang='lat' dir='ltr'>quod</span> 
     </span>
    </p>
   </div>
   <div class='ocr_carea' id='block_1_3' title="bbox 225 1838 1276 2229">
    <p class='ocr_par' dir='ltr' id='par_1_4' title="bbox 225 1838 1276 2229">
     <span class='ocr_line' id='line_1_11' title="bbox 228 1838 1275 1925; baseline -0.001 -20"><span class='ocrx_word' id='word_1_73' title='bbox 228 1845 282 1905; x_wconf 87' lang='lat' dir='ltr'>est</span> <span class='ocrx_word' id='word_1_74' title='bbox 317 1840 511 1925; x_wconf 89' lang='lat' dir='ltr'>principium</span> <span class='ocrx_word' id='word_1_75' title='bbox 549 1840 698 1925; x_wconf 85' lang='lat' dir='ltr'>simplex,</span> <span class='ocrx_word' id='word_1_76' title='bbox 729 1844 763 1903; x_wconf 91' lang='lat' dir='ltr'>et</span> <span class='ocrx_word' id='word_1_77' title='bbox 792 1838 951 1916; x_wconf 86' lang='lat' dir='ltr'>divinum,</span> <span class='ocrx_word' id='word_1_78' title='bbox 983 1845 1017 1904; x_wconf 91' lang='lat' dir='ltr'>et</span> <span class='ocrx_word' id='word_1_79' title='bbox 1047 1839 1275 1924; x_wconf 89' lang='lat' dir='ltr'>complicitum,</span> 
     </span>
     <span class='ocr_line' id='line_1_12' title="bbox 226 1940 1276 2026; baseline 0.001 -21"><span class='ocrx_word' id='word_1_80' title='bbox 226 1947 329 2025; x_wconf 90' lang='lat' dir='ltr'>atque</span> <span class='ocrx_word' id='word_1_81' title='bbox 351 1940 494 2026; x_wconf 83' lang='lat' dir='ltr'>Spiritus</span> <span class='ocrx_word' id='word_1_82' title='bbox 509 1940 689 2015; x_wconf 86' lang='lat' dir='ltr'>vivificans,</span> <span class='ocrx_word' id='word_1_83' title='bbox 706 1961 773 2004; x_wconf 94' lang='lat' dir='ltr'>non</span> <span class='ocrx_word' id='word_1_84' title='bbox 787 1940 920 2024; x_wconf 91' lang='lat' dir='ltr'>quidem</span> <span class='ocrx_word' id='word_1_85' title='bbox 935 1940 1060 2005; x_wconf 86' lang='lat' dir='ltr'>virtute</span> <span class='ocrx_word' id='word_1_86' title='bbox 1082 1941 1198 2004; x_wconf 82' lang='lat' dir='ltr'>innata</span> <span class='ocrx_word' id='word_1_87' title='bbox 1219 1942 1276 2006; x_wconf 87' lang='lat' dir='ltr'>sed</span> 
     </span>
     <span class='ocr_line' id='line_1_13' title="bbox 226 2039 1275 2126; baseline -0.001 -19"><span class='ocrx_word' id='word_1_88' title='bbox 226 2042 368 2107; x_wconf 81' lang='lat' dir='ltr'>collata:</span> <span class='ocrx_word' id='word_1_89' title='bbox 392 2042 666 2125; x_wconf 88' lang='lat' dir='ltr'>quemadmodum</span> <span class='ocrx_word' id='word_1_90' title='bbox 680 2046 785 2106; x_wconf 79' lang='lat' dir='ltr'>vestes</span> <span class='ocrx_word' id='word_1_91' title='bbox 808 2039 885 2105; x_wconf 74' lang='lat' dir='ltr'>aut⁹</span> <span class='ocrx_word' id='word_1_92' title='bbox 900 2041 1038 2126; x_wconf 89' lang='lat' dir='ltr'>reliquia</span> <span class='ocrx_word' id='word_1_93' title='bbox 1060 2040 1092 2105; x_wconf 78' lang='lat' dir='ltr'>S.</span> <span class='ocrx_word' id='word_1_94' title='bbox 1114 2041 1137 2105; x_wconf 87' lang='lat' dir='ltr'><strong>J</strong></span> <span class='ocrx_word' id='word_1_95' title='bbox 1138 2041 1275 2107; x_wconf 87' lang='lat' dir='ltr'>ohannis</span> 
     </span>
     <span class='ocr_line' id='line_1_14' title="bbox 225 2140 1275 2229; baseline 0.001 -23"><span class='ocrx_word' id='word_1_96' title='bbox 225 2143 298 2228; x_wconf 90' lang='lat' dir='ltr'>jam</span> <span class='ocrx_word' id='word_1_97' title='bbox 321 2143 444 2207; x_wconf 87' lang='lat' dir='ltr'>mortui</span> <span class='ocrx_word' id='word_1_98' title='bbox 466 2164 533 2207; x_wconf 95' lang='lat' dir='ltr'>non</span> <span class='ocrx_word' id='word_1_99' title='bbox 551 2140 722 2206; x_wconf 80' lang='lat' dir='ltr'>suscitare³</span> <span class='ocrx_word' id='word_1_100' title='bbox 736 2146 880 2206; x_wconf 88' lang='lat' dir='ltr'>mortuos</span> <span class='ocrx_word' id='word_1_101' title='bbox 902 2141 1026 2207; x_wconf 88' lang='lat' dir='ltr'>virtute</span> <span class='ocrx_word' id='word_1_102' title='bbox 1048 2144 1178 2229; x_wconf 85' lang='lat' dir='ltr'>propria</span> <span class='ocrx_word' id='word_1_103' title='bbox 1200 2165 1275 2208; x_wconf 89' lang='lat' dir='ltr'>con-</span> 
     </span>
    </p>
   </div>
   <div class='ocr_carea' id='block_1_4' title="bbox 224 2242 1280 3840">
    <p class='ocr_par' dir='ltr' id='par_1_5' title="bbox 224 2242 1280 3840">
     <span class='ocr_line' id='line_1_15' title="bbox 226 2242 1274 2328; baseline 0.001 -20"><span class='ocrx_word' id='word_1_104' title='bbox 226 2249 303 2308; x_wconf 84' lang='lat' dir='ltr'>stat</span> <span class='ocrx_word' id='word_1_105' title='bbox 350 2243 396 2308; x_wconf 91' lang='lat' dir='ltr'>Et</span> <span class='ocrx_word' id='word_1_106' title='bbox 418 2244 446 2306; x_wconf 89' lang='lat' dir='ltr'>si</span> <span class='ocrx_word' id='word_1_107' title='bbox 468 2249 575 2307; x_wconf 81' lang='lat' dir='ltr'>vestes</span> <span class='ocrx_word' id='word_1_108' title='bbox 599 2243 721 2307; x_wconf 87' lang='lat' dir='ltr'>mortui</span> <span class='ocrx_word' id='word_1_109' title='bbox 743 2242 898 2306; x_wconf 81' lang='lat' dir='ltr'>hominis⁴</span> <span class='ocrx_word' id='word_1_110' title='bbox 919 2250 1052 2328; x_wconf 84' lang='lat' dir='ltr'>possunt</span> <span class='ocrx_word' id='word_1_111' title='bbox 1074 2245 1150 2309; x_wconf 88' lang='lat' dir='ltr'>dare</span> <span class='ocrx_word' id='word_1_112' title='bbox 1168 2245 1274 2308; x_wconf 86' lang='lat' dir='ltr'>vitam</span> 
     </span>
     <span class='ocr_line' id='line_1_16' title="bbox 224 2341 1275 2430; baseline -0.001 -21"><span class='ocrx_word' id='word_1_113' title='bbox 224 2345 434 2421; x_wconf 66' lang='lat' dir='ltr'>natm-alem</span> <span class='ocrx_word' id='word_1_114' title='bbox 456 2367 556 2428; x_wconf 89' lang='lat' dir='ltr'>quare</span> <span class='ocrx_word' id='word_1_115' title='bbox 581 2367 648 2409; x_wconf 92' lang='lat' dir='ltr'>non</span> <span class='ocrx_word' id='word_1_116' title='bbox 666 2349 774 2428; x_wconf 82' lang='lat' dir='ltr'>potest</span> <span class='ocrx_word' id='word_1_117' title='bbox 796 2341 927 2428; x_wconf 77' lang='lat' dir='ltr'>corpus⁶</span> <span class='ocrx_word' id='word_1_118' title='bbox 949 2343 1083 2409; x_wconf 90' lang='lat' dir='ltr'>Domini</span> <span class='ocrx_word' id='word_1_119' title='bbox 1106 2367 1175 2410; x_wconf 88' lang='lat' dir='ltr'>esse</span> <span class='ocrx_word' id='word_1_120' title='bbox 1202 2345 1275 2430; x_wconf 82' lang='lat' dir='ltr'>Spi-</span> 
     </span>
     <span class='ocr_line' id='line_1_17' title="bbox 225 2445 1276 2531; baseline -0.001 -21"><span class='ocrx_word' id='word_1_121' title='bbox 225 2447 313 2510; x_wconf 86' lang='lat' dir='ltr'>ritus</span> <span class='ocrx_word' id='word_1_122' title='bbox 328 2445 522 2510; x_wconf 72' lang='lat' dir='ltr'>vivificans?</span> <span class='ocrx_word' id='word_1_123' title='bbox 555 2445 643 2508; x_wconf 87' lang='lat' dir='ltr'>Vera</span> <span class='ocrx_word' id='word_1_124' title='bbox 662 2450 712 2508; x_wconf 86' lang='lat' dir='ltr'>est</span> <span class='ocrx_word' id='word_1_125' title='bbox 727 2466 803 2530; x_wconf 90' lang='lat' dir='ltr'>ergo</span> <span class='ocrx_word' id='word_1_126' title='bbox 822 2447 984 2509; x_wconf 89' lang='lat' dir='ltr'>sententia</span> <span class='ocrx_word' id='word_1_127' title='bbox 999 2446 1194 2530; x_wconf 87' lang='lat' dir='ltr'>Hieronymi</span> <span class='ocrx_word' id='word_1_128' title='bbox 1210 2467 1276 2531; x_wconf 90' lang='lat' dir='ltr'>qua</span> 
     </span>
     <span class='ocr_line' id='line_1_18' title="bbox 227 2545 1274 2630; baseline 0 -20"><span class='ocrx_word' id='word_1_129' title='bbox 227 2547 324 2623; x_wconf 80' lang='lat' dir='ltr'>dixit,</span> <span class='ocrx_word' id='word_1_130' title='bbox 341 2547 429 2630; x_wconf 91' lang='lat' dir='ltr'>quod</span> <span class='ocrx_word' id='word_1_131' title='bbox 456 2568 529 2610; x_wconf 86' lang='lat' dir='ltr'>caro</span> <span class='ocrx_word' id='word_1_132' title='bbox 546 2545 669 2611; x_wconf 81' lang='lat' dir='ltr'>Christi</span> <span class='ocrx_word' id='word_1_133' title='bbox 692 2551 741 2609; x_wconf 78' lang='lat' dir='ltr'>est</span> <span class='ocrx_word' id='word_1_134' title='bbox 763 2546 940 2630; x_wconf 67' lang='lat' dir='ltr'>spiritualis</span> <span class='ocrx_word' id='word_1_135' title='bbox 963 2553 996 2610; x_wconf 89' lang='lat' dir='ltr'>et</span> <span class='ocrx_word' id='word_1_136' title='bbox 1019 2547 1139 2622; x_wconf 88' lang='lat' dir='ltr'>divina,</span> <span class='ocrx_word' id='word_1_137' title='bbox 1157 2551 1191 2610; x_wconf 87' lang='lat' dir='ltr'>et</span> <span class='ocrx_word' id='word_1_138' title='bbox 1215 2552 1274 2623; x_wconf 86' lang='lat' dir='ltr'>est,</span> 
     </span>
     <span class='ocr_line' id='line_1_19' title="bbox 225 2647 1277 2730; baseline -0.003 -19"><span class='ocrx_word' id='word_1_139' title='bbox 225 2654 267 2712; x_wconf 88' lang='lat' dir='ltr'>ut</span> <span class='ocrx_word' id='word_1_140' title='bbox 291 2648 378 2711; x_wconf 91' lang='lat' dir='ltr'>idem</span> <span class='ocrx_word' id='word_1_141' title='bbox 406 2648 518 2711; x_wconf 86' lang='lat' dir='ltr'>doctor</span> <span class='ocrx_word' id='word_1_142' title='bbox 541 2647 774 2730; x_wconf 86' lang='lat' dir='ltr'>subsequenter</span> <span class='ocrx_word' id='word_1_143' title='bbox 796 2647 852 2723; x_wconf 88' lang='lat' dir='ltr'>ait,</span> <span class='ocrx_word' id='word_1_144' title='bbox 876 2668 949 2711; x_wconf 88' lang='lat' dir='ltr'>caro</span> <span class='ocrx_word' id='word_1_145' title='bbox 972 2647 1126 2711; x_wconf 85' lang='lat' dir='ltr'>crucifixa</span> <span class='ocrx_word' id='word_1_146' title='bbox 1148 2652 1181 2709; x_wconf 92' lang='lat' dir='ltr'>et</span> <span class='ocrx_word' id='word_1_147' title='bbox 1204 2668 1277 2709; x_wconf 89' lang='lat' dir='ltr'>san-</span> 
     </span>
     <span class='ocr_line' id='line_1_20' title="bbox 224 2746 1276 2834; baseline -0.001 -22"><span class='ocrx_word' id='word_1_148' title='bbox 224 2749 301 2834; x_wconf 91' lang='lat' dir='ltr'>guis</span> <span class='ocrx_word' id='word_1_149' title='bbox 323 2748 451 2812; x_wconf 85' lang='lat' dir='ltr'>effirsus.</span> <span class='ocrx_word' id='word_1_150' title='bbox 497 2747 543 2812; x_wconf 86' lang='lat' dir='ltr'>Et</span> <span class='ocrx_word' id='word_1_151' title='bbox 564 2753 718 2812; x_wconf 81' lang='lat' dir='ltr'>notanter</span> <span class='ocrx_word' id='word_1_152' title='bbox 738 2748 893 2832; x_wconf 87' lang='lat' dir='ltr'>adjunxit</span> <span class='ocrx_word' id='word_1_153' title='bbox 915 2747 1069 2810; x_wconf 85' lang='lat' dir='ltr'>crucifixa</span> <span class='ocrx_word' id='word_1_154' title='bbox 1091 2751 1125 2810; x_wconf 91' lang='lat' dir='ltr'>et</span> <span class='ocrx_word' id='word_1_155' title='bbox 1147 2746 1276 2824; x_wconf 82' lang='lat' dir='ltr'>effusus,</span> 
     </span>
     <span class='ocr_line' id='line_1_21' title="bbox 227 2847 1278 2934; baseline -0.002 -21"><span class='ocrx_word' id='word_1_156' title='bbox 227 2851 307 2934; x_wconf 89' lang='lat' dir='ltr'>quia</span> <span class='ocrx_word' id='word_1_157' title='bbox 331 2871 405 2914; x_wconf 90' lang='lat' dir='ltr'>caro</span> <span class='ocrx_word' id='word_1_158' title='bbox 431 2849 489 2911; x_wconf 93' lang='lat' dir='ltr'>illa</span> <span class='ocrx_word' id='word_1_159' title='bbox 519 2849 697 2934; x_wconf 87' lang='lat' dir='ltr'>spiritualis</span> <span class='ocrx_word' id='word_1_160' title='bbox 721 2854 755 2913; x_wconf 89' lang='lat' dir='ltr'>et</span> <span class='ocrx_word' id='word_1_161' title='bbox 779 2848 892 2911; x_wconf 86' lang='lat' dir='ltr'>divina</span> <span class='ocrx_word' id='word_1_162' title='bbox 925 2847 961 2910; x_wconf 94' lang='lat' dir='ltr'>in</span> <span class='ocrx_word' id='word_1_163' title='bbox 983 2847 1080 2911; x_wconf 81' lang='lat' dir='ltr'>altari</span> <span class='ocrx_word' id='word_1_164' title='bbox 1102 2853 1152 2911; x_wconf 88' lang='lat' dir='ltr'>est</span> <span class='ocrx_word' id='word_1_165' title='bbox 1174 2864 1278 2911; x_wconf 78' lang='lat' dir='ltr'>sacra</span> 
     </span>
     <span class='ocr_line' id='line_1_22' title="bbox 225 2948 1279 3032; baseline -0.003 -17"><span class='ocrx_word' id='word_1_166' title='bbox 225 2957 376 3015; x_wconf 92' lang='lat' dir='ltr'>mentum</span> <span class='ocrx_word' id='word_1_167' title='bbox 398 2951 504 3014; x_wconf 86' lang='lat' dir='ltr'>carnis</span> <span class='ocrx_word' id='word_1_168' title='bbox 526 2950 697 3025; x_wconf 71' lang='lat' dir='ltr'>crucifixae,</span> <span class='ocrx_word' id='word_1_169' title='bbox 723 2954 757 3013; x_wconf 91' lang='lat' dir='ltr'>et</span> <span class='ocrx_word' id='word_1_170' title='bbox 779 2948 911 3032; x_wconf 87' lang='lat' dir='ltr'>sanguis</span> <span class='ocrx_word' id='word_1_171' title='bbox 933 2948 969 3010; x_wconf 91' lang='lat' dir='ltr'>in</span> <span class='ocrx_word' id='word_1_172' title='bbox 991 2948 1088 3012; x_wconf 86' lang='lat' dir='ltr'>calice</span> <span class='ocrx_word' id='word_1_173' title='bbox 1103 2953 1153 3012; x_wconf 86' lang='lat' dir='ltr'>est</span> <span class='ocrx_word' id='word_1_174' title='bbox 1175 2969 1279 3012; x_wconf 83' lang='lat' dir='ltr'>saera·</span> 
     </span>
     <span class='ocr_line' id='line_1_23' title="bbox 226 3048 1279 3136; baseline -0.003 -20"><span class='ocrx_word' id='word_1_175' title='bbox 226 3059 377 3116; x_wconf 90' lang='lat' dir='ltr'>mentum</span> <span class='ocrx_word' id='word_1_176' title='bbox 415 3052 582 3136; x_wconf 84' lang='lat' dir='ltr'>sanguinis</span> <span class='ocrx_word' id='word_1_177' title='bbox 619 3055 716 3135; x_wconf 89' lang='lat' dir='ltr'>prout</span> <span class='ocrx_word' id='word_1_178' title='bbox 746 3049 867 3112; x_wconf 82' lang='lat' dir='ltr'>effusus</span> <span class='ocrx_word' id='word_1_179' title='bbox 905 3053 961 3111; x_wconf 87' lang='lat' dir='ltr'>est.</span> <span class='ocrx_word' id='word_1_180' title='bbox 1008 3048 1115 3125; x_wconf 87' lang='lat' dir='ltr'>Unde,</span> <span class='ocrx_word' id='word_1_181' title='bbox 1154 3054 1193 3113; x_wconf 90' lang='lat' dir='ltr'>ut</span> <span class='ocrx_word' id='word_1_182' title='bbox 1231 3049 1279 3113; x_wconf 90' lang='lat' dir='ltr'>ait</span> 
     </span>
     <span class='ocr_line' id='line_1_24' title="bbox 225 3149 1279 3238; baseline -0.003 -21"><span class='ocrx_word' id='word_1_183' title='bbox 225 3154 443 3238; x_wconf 81' lang='lat' dir='ltr'>Augustinus,</span> <span class='ocrx_word' id='word_1_184' title='bbox 473 3152 613 3236; x_wconf 91' lang='lat' dir='ltr'>“Ipsius</span> <span class='ocrx_word' id='word_1_185' title='bbox 639 3151 805 3215; x_wconf 84' lang='lat' dir='ltr'>crucifixio</span> <span class='ocrx_word' id='word_1_186' title='bbox 827 3149 994 3234; x_wconf 87' lang='lat' dir='ltr'>sanguinis</span> <span class='ocrx_word' id='word_1_187' title='bbox 1018 3150 1139 3225; x_wconf 87' lang='lat' dir='ltr'>effusio,</span> <span class='ocrx_word' id='word_1_188' title='bbox 1164 3150 1279 3214; x_wconf 90' lang='lat' dir='ltr'>immo-</span> 
     </span>
     <span class='ocr_line' id='line_1_25' title="bbox 228 3248 1279 3337; baseline -0.001 -21"><span class='ocrx_word' id='word_1_189' title='bbox 228 3261 246 3288; x_wconf 90' lang='lat'>“</span> <span class='ocrx_word' id='word_1_190' title='bbox 258 3252 365 3331; x_wconf 81' lang='lat' dir='ltr'>latio,⁶</span> <span class='ocrx_word' id='word_1_191' title='bbox 379 3275 465 3318; x_wconf 91' lang='lat' dir='ltr'>mors</span> <span class='ocrx_word' id='word_1_192' title='bbox 489 3260 522 3316; x_wconf 90' lang='lat' dir='ltr'>et</span> <span class='ocrx_word' id='word_1_193' title='bbox 543 3254 657 3337; x_wconf 88' lang='lat' dir='ltr'>passi0,</span> <span class='ocrx_word' id='word_1_194' title='bbox 679 3251 825 3335; x_wconf 87' lang='lat' dir='ltr'>quotidie</span> <span class='ocrx_word' id='word_1_195' title='bbox 840 3250 880 3313; x_wconf 89' lang='lat' dir='ltr'>fit</span> <span class='ocrx_word' id='word_1_196' title='bbox 894 3251 930 3312; x_wconf 92' lang='lat' dir='ltr'>in</span> <span class='ocrx_word' id='word_1_197' title='bbox 950 3248 1076 3329; x_wconf 88' lang='lat' dir='ltr'>altari,’&#39;</span> <span class='ocrx_word' id='word_1_198' title='bbox 1091 3256 1130 3315; x_wconf 90' lang='lat' dir='ltr'>ut</span> <span class='ocrx_word' id='word_1_199' title='bbox 1144 3256 1279 3316; x_wconf 87' lang='lat' dir='ltr'>notatur</span> 
     </span>
     <span class='ocr_line' id='line_1_26' title="bbox 227 3352 1279 3438; baseline -0.001 -20"><span class='ocrx_word' id='word_1_200' title='bbox 227 3355 264 3418; x_wconf 92' lang='lat' dir='ltr'>in</span> <span class='ocrx_word' id='word_1_201' title='bbox 295 3355 408 3418; x_wconf 89' lang='lat' dir='ltr'>eodem</span> <span class='ocrx_word' id='word_1_202' title='bbox 432 3354 573 3438; x_wconf 88' lang='lat' dir='ltr'>capitulo</span> <span class='ocrx_word' id='word_1_203' title='bbox 585 3378 593 3432; x_wconf 92' lang='lat'>;</span> <span class='ocrx_word' id='word_1_204' title='bbox 618 3362 713 3416; x_wconf 90' lang='lat' dir='ltr'>“non</span> <span class='ocrx_word' id='word_1_205' title='bbox 743 3352 874 3436; x_wconf 89' lang='lat' dir='ltr'>quidem</span> <span class='ocrx_word' id='word_1_206' title='bbox 904 3352 940 3413; x_wconf 93' lang='lat' dir='ltr'>in</span> <span class='ocrx_word' id='word_1_207' title='bbox 969 3352 1017 3414; x_wconf 90' lang='lat' dir='ltr'>rei</span> <span class='ocrx_word' id='word_1_208' title='bbox 1046 3352 1193 3429; x_wconf 86' lang='lat' dir='ltr'>veritate,</span> <span class='ocrx_word' id='word_1_209' title='bbox 1221 3354 1279 3417; x_wconf 87' lang='lat' dir='ltr'>sed</span> 
     </span>
     <span class='ocr_line' id='line_1_27' title="bbox 230 3453 1280 3539; baseline 0.001 -22"><span class='ocrx_word' id='word_1_210' title='bbox 230 3456 390 3539; x_wconf 84' lang='lat' dir='ltr'>“signati</span> <span class='ocrx_word' id='word_1_211' title='bbox 414 3455 589 3538; x_wconf 75' lang='lat' dir='ltr'>mysterio,</span> <span class='ocrx_word' id='word_1_212' title='bbox 624 3453 784 3537; x_wconf 88' lang='lat' dir='ltr'>quomodo</span> <span class='ocrx_word' id='word_1_213' title='bbox 809 3453 944 3516; x_wconf 85' lang='lat' dir='ltr'>dicimus</span> <span class='ocrx_word' id='word_1_214' title='bbox 971 3453 1059 3516; x_wconf 92' lang='lat' dir='ltr'>omni</span> <span class='ocrx_word' id='word_1_215' title='bbox 1084 3454 1280 3518; x_wconf 84' lang='lat' dir='ltr'>dienatalis</span> 
     </span>
     <span class='ocr_line' id='line_1_28' title="bbox 228 3555 1278 3639; baseline 0 -20"><span class='ocrx_word' id='word_1_216' title='bbox 228 3561 247 3590; x_wconf 79' lang='lat'>‘¹</span> <span class='ocrx_word' id='word_1_217' title='bbox 263 3555 407 3631; x_wconf 91' lang='lat' dir='ltr'>Domini,</span> <span class='ocrx_word' id='word_1_218' title='bbox 429 3555 525 3617; x_wconf 89' lang='lat' dir='ltr'>hodie</span> <span class='ocrx_word' id='word_1_219' title='bbox 549 3555 698 3618; x_wconf 82' lang='lat' dir='ltr'>Christus</span> <span class='ocrx_word' id='word_1_220' title='bbox 720 3558 818 3616; x_wconf 85' lang='lat' dir='ltr'>natus</span> <span class='ocrx_word' id='word_1_221' title='bbox 834 3559 891 3630; x_wconf 87' lang='lat' dir='ltr'>est,</span> <span class='ocrx_word' id='word_1_222' title='bbox 915 3560 949 3616; x_wconf 90' lang='lat' dir='ltr'>et</span> <span class='ocrx_word' id='word_1_223' title='bbox 964 3555 1054 3617; x_wconf 92' lang='lat' dir='ltr'>omni</span> <span class='ocrx_word' id='word_1_224' title='bbox 1076 3555 1128 3618; x_wconf 90' lang='lat' dir='ltr'>die</span> <span class='ocrx_word' id='word_1_225' title='bbox 1142 3555 1278 3639; x_wconf 84' lang='lat' dir='ltr'>paschae,</span> 
     </span>
     <span class='ocr_line' id='line_1_29' title="bbox 229 3652 1279 3737; baseline -0.001 -19"><span class='ocrx_word' id='word_1_226' title='bbox 229 3664 246 3690; x_wconf 88' lang='lat'><strong>“</strong></span> <span class='ocrx_word' id='word_1_227' title='bbox 262 3655 358 3720; x_wconf 92' lang='lat' dir='ltr'>hodie</span> <span class='ocrx_word' id='word_1_228' title='bbox 382 3656 532 3719; x_wconf 83' lang='lat' dir='ltr'>Christus</span> <span class='ocrx_word' id='word_1_229' title='bbox 562 3655 759 3718; x_wconf 82' lang='lat' dir='ltr'>resurrexit:</span> <span class='ocrx_word' id='word_1_230' title='bbox 787 3652 894 3737; x_wconf 86' lang='lat' dir='ltr'>quod⁷</span> <span class='ocrx_word' id='word_1_231' title='bbox 922 3654 1054 3736; x_wconf 89' lang='lat' dir='ltr'>quidem</span> <span class='ocrx_word' id='word_1_232' title='bbox 1076 3676 1143 3717; x_wconf 91' lang='lat' dir='ltr'>non</span> <span class='ocrx_word' id='word_1_233' title='bbox 1173 3655 1212 3717; x_wconf 93' lang='lat' dir='ltr'>fit</span> <span class='ocrx_word' id='word_1_234' title='bbox 1242 3656 1279 3717; x_wconf 88' lang='lat' dir='ltr'>in</span> 
     </span>
     <span class='ocr_line' id='line_1_30' title="bbox 230 3753 1278 3840; baseline -0.001 -20"><span class='ocrx_word' id='word_1_235' title='bbox 230 3758 313 3820; x_wconf 87' lang='lat' dir='ltr'>“rei</span> <span class='ocrx_word' id='word_1_236' title='bbox 335 3757 484 3831; x_wconf 85' lang='lat' dir='ltr'>veritate,</span> <span class='ocrx_word' id='word_1_237' title='bbox 509 3758 566 3819; x_wconf 89' lang='lat' dir='ltr'>sed</span> <span class='ocrx_word' id='word_1_238' title='bbox 596 3755 717 3840; x_wconf 87' lang='lat' dir='ltr'>signati</span> <span class='ocrx_word' id='word_1_239' title='bbox 747 3755 902 3838; x_wconf 87' lang='lat' dir='ltr'>mysterio</span> <span class='ocrx_word' id='word_1_240' title='bbox 937 3753 1162 3819; x_wconf 80' lang='lat' dir='ltr'>celebratur.”⁸</span> <span class='ocrx_word' id='word_1_241' title='bbox 1208 3755 1278 3820; x_wconf 91' lang='lat' dir='ltr'>Nec</span> 
     </span>
    </p>
   </div>
   <div class='ocr_carea' id='block_1_5' title="bbox 226 4049 1282 4661">
    <p class='ocr_par' dir='ltr' id='par_1_6' title="bbox 264 4049 1279 4114">
     <span class='ocr_line' id='line_1_31' title="bbox 264 4049 1279 4114; baseline 0.001 -16"><span class='ocrx_word' id='word_1_242' title='bbox 264 4051 457 4113; x_wconf 69' lang='lat' dir='ltr'>¹vimficacivum</span> <span class='ocrx_word' id='word_1_243' title='bbox 475 4050 518 4098; x_wconf 79' lang='lat' dir='ltr'>hoc</span> <span class='ocrx_word' id='word_1_244' title='bbox 535 4051 571 4114; x_wconf 75' lang='lat' dir='ltr'>et]</span> <span class='ocrx_word' id='word_1_245' title='bbox 593 4050 730 4111; x_wconf 76' lang='lat' dir='ltr'>vivificum,</span> <span class='ocrx_word' id='word_1_246' title='bbox 811 4049 895 4098; x_wconf 75' lang='lat' dir='ltr'>⁸Tuo</span> <span class='ocrx_word' id='word_1_247' title='bbox 913 4064 1028 4113; x_wconf 85' lang='lat' dir='ltr'>passages</span> <span class='ocrx_word' id='word_1_248' title='bbox 1045 4051 1075 4098; x_wconf 75' lang='lat' dir='ltr'>of</span> <span class='ocrx_word' id='word_1_249' title='bbox 1089 4051 1124 4101; x_wconf 86' lang='lat' dir='ltr'>St.</span> <span class='ocrx_word' id='word_1_250' title='bbox 1137 4049 1279 4114; x_wconf 78' lang='lat' dir='ltr'>Augustius</span> 
     </span>
    </p>

    <p class='ocr_par' dir='ltr' id='par_1_7' title="bbox 226 4128 1282 4661">
     <span class='ocr_line' id='line_1_32' title="bbox 226 4128 1279 4191; baseline 0.002 -15"><span class='ocrx_word' id='word_1_251' title='bbox 226 4128 262 4187; x_wconf 84' lang='lat' dir='ltr'>A,</span> <span class='ocrx_word' id='word_1_252' title='bbox 275 4128 304 4177; x_wconf 89' lang='lat' dir='ltr'>C.</span> <span class='ocrx_word' id='word_1_253' title='bbox 778 4143 871 4191; x_wconf 83' lang='lat' dir='ltr'>appear</span> <span class='ocrx_word' id='word_1_254' title='bbox 889 4135 916 4175; x_wconf 83' lang='lat' dir='ltr'>to</span> <span class='ocrx_word' id='word_1_255' title='bbox 934 4128 999 4175; x_wconf 87' lang='lat' dir='ltr'>have</span> <span class='ocrx_word' id='word_1_256' title='bbox 1017 4130 1080 4176; x_wconf 80' lang='lat' dir='ltr'>been</span> <span class='ocrx_word' id='word_1_257' title='bbox 1097 4129 1279 4191; x_wconf 80' lang='lat' dir='ltr'>amalgamated</span> 
     </span>
     <span class='ocr_line' id='line_1_33' title="bbox 260 4205 1280 4270; baseline 0 -17"><span class='ocrx_word' id='word_1_258' title='bbox 260 4207 339 4270; x_wconf 63' lang='grc' dir='ltr'>ἰαὶ]</span> <span class='ocrx_word' id='word_1_259' title='bbox 353 4221 391 4265; x_wconf 86' lang='lat' dir='ltr'>ac,</span> <span class='ocrx_word' id='word_1_260' title='bbox 402 4207 432 4254; x_wconf 88' lang='lat' dir='ltr'>B.</span> <span class='ocrx_word' id='word_1_261' title='bbox 778 4207 849 4264; x_wconf 84' lang='lat' dir='ltr'>here;</span> <span class='ocrx_word' id='word_1_262' title='bbox 862 4220 909 4254; x_wconf 89' lang='lat' dir='ltr'>one</span> <span class='ocrx_word' id='word_1_263' title='bbox 920 4206 1011 4267; x_wconf 77' lang='lat' dir='ltr'>quoted</span> <span class='ocrx_word' id='word_1_264' title='bbox 1026 4205 1052 4252; x_wconf 91' lang='lat' dir='ltr'>in</span> <span class='ocrx_word' id='word_1_265' title='bbox 1061 4205 1157 4264; x_wconf 83' lang='lat' dir='ltr'>Canon,</span> <span class='ocrx_word' id='word_1_266' title='bbox 1173 4208 1203 4255; x_wconf 88' lang='lat' dir='ltr'>de</span> <span class='ocrx_word' id='word_1_267' title='bbox 1213 4207 1280 4255; x_wconf 87' lang='lat' dir='ltr'>Con·</span> 
     </span>
     <span class='ocr_line' id='line_1_34' title="bbox 260 4281 1281 4348; baseline -0.001 -15"><span class='ocrx_word' id='word_1_268' title='bbox 260 4287 270 4314; x_wconf 85' lang='lat'>⁸</span> <span class='ocrx_word' id='word_1_269' title='bbox 281 4285 411 4348; x_wconf 77' lang='lat' dir='ltr'>suscitare]</span> <span class='ocrx_word' id='word_1_270' title='bbox 427 4284 555 4341; x_wconf 83' lang='lat' dir='ltr'>suscitant,</span> <span class='ocrx_word' id='word_1_271' title='bbox 566 4281 600 4343; x_wconf 79' lang='lat' dir='ltr'>A,</span> <span class='ocrx_word' id='word_1_272' title='bbox 611 4282 642 4342; x_wconf 88' lang='lat' dir='ltr'>B,</span> <span class='ocrx_word' id='word_1_273' title='bbox 654 4282 683 4334; x_wconf 82' lang='lat'>0.</span> <span class='ocrx_word' id='word_1_274' title='bbox 779 4299 840 4333; x_wconf 86' lang='lat' dir='ltr'>secr.</span> <span class='ocrx_word' id='word_1_275' title='bbox 849 4282 904 4331; x_wconf 82' lang='lat' dir='ltr'>dist.</span> <span class='ocrx_word' id='word_1_276' title='bbox 913 4288 936 4341; x_wconf 82' lang='lat'>2,</span> <span class='ocrx_word' id='word_1_277' title='bbox 945 4297 998 4345; x_wconf 85' lang='lat' dir='ltr'>cap.</span> <span class='ocrx_word' id='word_1_278' title='bbox 1008 4281 1064 4332; x_wconf 89' lang='lat' dir='ltr'>Hoc</span> <span class='ocrx_word' id='word_1_279' title='bbox 1075 4291 1117 4343; x_wconf 76' lang='lat' dir='ltr'>est,</span> <span class='ocrx_word' id='word_1_280' title='bbox 1127 4299 1154 4332; x_wconf 83' lang='lat' dir='ltr'>as</span> <span class='ocrx_word' id='word_1_281' title='bbox 1165 4283 1230 4332; x_wconf 79' lang='lat' dir='ltr'>from</span> <span class='ocrx_word' id='word_1_282' title='bbox 1238 4284 1281 4333; x_wconf 86' lang='lat' dir='ltr'>the</span> 
     </span>
     <span class='ocr_line' id='line_1_35' title="bbox 261 4361 1281 4425; baseline 0.001 -16"><span class='ocrx_word' id='word_1_283' title='bbox 261 4364 271 4391; x_wconf 92' lang='lat'><strong>⁴</strong></span> <span class='ocrx_word' id='word_1_284' title='bbox 281 4362 394 4425; x_wconf 75' lang='lat' dir='ltr'>dominis]</span> <span class='ocrx_word' id='word_1_285' title='bbox 408 4362 427 4411; x_wconf 86' lang='lat' dir='ltr'><strong>J</strong></span> <span class='ocrx_word' id='word_1_286' title='bbox 428 4362 541 4422; x_wconf 83' lang='lat' dir='ltr'>ohannis,</span> <span class='ocrx_word' id='word_1_287' title='bbox 552 4363 582 4410; x_wconf 93' lang='lat' dir='ltr'>B.</span> <span class='ocrx_word' id='word_1_288' title='bbox 779 4363 843 4410; x_wconf 88' lang='lat' dir='ltr'>liber</span> <span class='ocrx_word' id='word_1_289' title='bbox 855 4361 1039 4411; x_wconf 85' lang='lat' dir='ltr'>Sententiarum</span> <span class='ocrx_word' id='word_1_290' title='bbox 1050 4362 1168 4424; x_wconf 88' lang='lat' dir='ltr'>Prosperi</span> <span class='ocrx_word' id='word_1_291' title='bbox 1176 4361 1281 4422; x_wconf 78' lang='lat' dir='ltr'>(where,</span> 
     </span>
     <span class='ocr_line' id='line_1_36' title="bbox 261 4438 1282 4504; baseline -0.002 -16"><span class='ocrx_word' id='word_1_292' title='bbox 261 4441 382 4504; x_wconf 72' lang='grc' dir='ltr'>ὀοφω]</span> <span class='ocrx_word' id='word_1_293' title='bbox 397 4455 462 4499; x_wconf 85' lang='lat' dir='ltr'>caro,</span> <span class='ocrx_word' id='word_1_294' title='bbox 475 4441 508 4489; x_wconf 81' lang='lat' dir='ltr'>A.</span> <span class='ocrx_word' id='word_1_295' title='bbox 780 4442 814 4504; x_wconf 79' lang='lat' dir='ltr'>by</span> <span class='ocrx_word' id='word_1_296' title='bbox 826 4440 868 4489; x_wconf 87' lang='lat' dir='ltr'>the</span> <span class='ocrx_word' id='word_1_297' title='bbox 888 4441 945 4503; x_wconf 81' lang='lat' dir='ltr'>bye,</span> <span class='ocrx_word' id='word_1_298' title='bbox 961 4439 981 4487; x_wconf 84' lang='lat' dir='ltr'>it</span> <span class='ocrx_word' id='word_1_299' title='bbox 992 4441 1051 4488; x_wconf 86' lang='lat' dir='ltr'>does</span> <span class='ocrx_word' id='word_1_300' title='bbox 1070 4448 1114 4488; x_wconf 87' lang='lat' dir='ltr'>not</span> <span class='ocrx_word' id='word_1_301' title='bbox 1132 4440 1228 4500; x_wconf 83' lang='lat' dir='ltr'>occur),</span> <span class='ocrx_word' id='word_1_302' title='bbox 1239 4438 1282 4487; x_wconf 79' lang='lat' dir='ltr'>the</span> 
     </span>
     <span class='ocr_line' id='line_1_37' title="bbox 261 4515 1282 4581; baseline 0.001 -17"><span class='ocrx_word' id='word_1_303' title='bbox 261 4516 422 4581; x_wconf 74' lang='lat' dir='ltr'>‘immcioeio]</span> <span class='ocrx_word' id='word_1_304' title='bbox 437 4533 485 4567; x_wconf 92' lang='lat' dir='ltr'>om.</span> <span class='ocrx_word' id='word_1_305' title='bbox 500 4518 528 4567; x_wconf 88' lang='lat' dir='ltr'>C.</span> <span class='ocrx_word' id='word_1_306' title='bbox 779 4519 851 4568; x_wconf 87' lang='lat' dir='ltr'>other</span> <span class='ocrx_word' id='word_1_307' title='bbox 869 4518 935 4566; x_wconf 83' lang='lat' dir='ltr'>from</span> <span class='ocrx_word' id='word_1_308' title='bbox 961 4517 1040 4578; x_wconf 83' lang='lat' dir='ltr'>Epist.</span> <span class='ocrx_word' id='word_1_309' title='bbox 1058 4519 1091 4566; x_wconf 84' lang='lat' dir='ltr'>sd</span> <span class='ocrx_word' id='word_1_310' title='bbox 1116 4515 1282 4573; x_wconf 68' lang='lat' dir='ltr'>sonnacium,</span> 
     </span>
     <span class='ocr_line' id='line_1_38' title="bbox 263 4595 1147 4661; baseline -0.001 -15"><span class='ocrx_word' id='word_1_311' title='bbox 263 4595 358 4661; x_wconf 66' lang='grc' dir='ltr'>ὀποί]</span> <span class='ocrx_word' id='word_1_312' title='bbox 372 4612 421 4646; x_wconf 89' lang='lat' dir='ltr'>om.</span> <span class='ocrx_word' id='word_1_313' title='bbox 433 4597 464 4646; x_wconf 91' lang='lat' dir='ltr'>B.</span> <span class='ocrx_word' id='word_1_314' title='bbox 782 4611 804 4646; x_wconf 92' lang='grc' dir='ltr'>ο.</span> <span class='ocrx_word' id='word_1_315' title='bbox 816 4602 840 4646; x_wconf 79' lang='grc'>9.</span> <span class='ocrx_word' id='word_1_316' title='bbox 859 4596 923 4660; x_wconf 82' lang='lat' dir='ltr'>Opp.</span> <span class='ocrx_word' id='word_1_317' title='bbox 936 4609 966 4646; x_wconf 85' lang='lat'>11.</span> <span class='ocrx_word' id='word_1_318' title='bbox 978 4610 1002 4656; x_wconf 86' lang='lat' dir='ltr'>p.</span> <span class='ocrx_word' id='word_1_319' title='bbox 1015 4598 1147 4655; x_wconf 79' lang='lat' dir='ltr'>267,1›,n.</span> 
     </span>
    </p>
   </div>
   <div class='ocr_carea' id='block_1_6' title="bbox 0 0 1513 5490">
    <p class='ocr_par' dir='ltr' id='par_1_8' title="bbox 0 0 1513 5490">
     <span class='ocr_line' id='line_1_39' title="bbox 0 0 1513 5490; baseline 0 0"><span class='ocrx_word' id='word_1_320' title='bbox 0 0 1513 5490; x_wconf 95' lang='lat' dir='ltr'> </span> 
     </span>
    </p>
   </div>
  </div>
 </body>
</html>
