3158 5490
558 729 780 783 raucas-asa
802 731 1015 783 namneum.
1241 720 1306 791 479

257 919 383 1005 pientes
413 917 482 1003 qui:
509 916 623 983 seinat-
649 910 849 1004 distinguere
888 919 975 983 inter
1012 919 1246 1006 antiquitatem
1276 925 1311 987 at

257 1021 403 1099 senium·
424 1025 464 1085 ut
496 1019 576 1085 faeit
603 1017 804 1097 S.=Daniel;¹
831 1019 961 1087 bomne
987 1055 1005 1089 .·
1040 1055 1057 1087 .-
1093 1073 1118 1098 .,
1142 1027 1177 1087 et
1212 1028 1311 1108 quot·

256 1123 338 1188 libet
361 1123 469 1188 sanati·
493 1121 675 1208 phssosophi
710 1122 803 1208 ipsas-
830 1128 1013 1208 sequentes,
1040 1123 1192 1189 videntes
1222 1125 1310 1210 quod

257 1244 344 1290 mora
370 1224 725 1309 pretiosa-sanatorum
739 1229 816 1291 ast*
822 1223 915 1309 justa
940 1229 1073 1291 oausata
1095 1225 1137 1291 nb
1160 1226 1310 1312 Antiquo

258 1327 391 1393 dierum
423 1325 520 1394 Sed
548 1325 613 1411 ipsi
642 1325 763 1391 vident
786 1327 888 1411 quod-
907 1326 996 1391 dieta
1027 1327 1209 1413 antiquitas
1244 1349 1312 1393 uon
1386 1354 1389 1359 ⁴

258 1434 317 1494 ast
344 1426 477 1493 nimis=⁸⁴
522 1426 657 1495 Summo
696 1428 943 1514 proportionata
981 1428 1130 1515 Antiquo
1173 1429 1310 1510 dierum,

258 1531 316 1616 qui
345 1529 433 1596 vivit
456 1550 522 1615 ‘per
553 1529 663 1595 omnia
692 1529 799 1596 stabis
829 1529 1020 1608 seculorum,
1051 1531 1136 1597 sicut
1166 1531 1312 1597 subtilis-

256 1632 331 1697 simi
347 1632 493 1697 dootorss
513 1652 588 1697 oum
612 1631 1010 1699 emtodiadisoussenmt
1049 1631 1188 1718 Sapiens
1208 1633 1312 1719 igitur

257 1734 373 1799 videns
398 1733 599 1799 auditorium
625 1753 729 1819 capax
756 1732 943 1819 hujusmodi
967 1733 1178 1818 antiquitatis
1199 1734 1312 1801 taliter

256 1836 444 1922 loqueretur
467 1840 506 1900 ut
528 1833 667 1901 caecum⁴
689 1835 891 1903 auditorium
914 1835 1081 1914 erudiret3
1104 1842 1143 1903 ut
1167 1836 1213 1901 sio
1236 1858 1307 1922 per-

258 1938 380 2024 ciperet
409 1937 552 2003 fructum
590 1958 632 2001 ax
669 1937 796 2003 ratione
834 1936 1021 2023 Scripturas.
1084 1937 1232 2003 Ulterius
1270 1940 1310 2005 de

258 2041 459 2126 antiquitate
499 2038 590 2105 Novi
620 2038 823 2105 Testamenti
854 2039 975 2104 dicitur
1005 2040 1093 2123 quod
1122 2041 1230 2125 ipsum
1261 2062 1311 2105 se-

258 2143 400 2208 eundum
430 2147 557 2228 partem
588 2137 717 2227 [ante]⁶
751 2145 806 2206 est·
827 2139 1093 2207 Testamentum⁰
1121 2142 1312 2227 simpliciter

257 2245 471 2311 novissimum
502 2251 536 2312 et
569 2249 738 2321 aeternum,
769 2264 829 2309 nae
854 2242 978 2329 jacitur
1010 2244 1158 2329 jaeuium
1194 2250 1310 2312 contre

259 2348 348 2415 illusi

304 2449 453 2517 Ulterius
484 2449 564 2515 dioit
594 2449 718 2515 Doetor
744 2448 832 2534 quod
863 2448 994 2534 paravit
1023 2448 1151 2514 salvara
1180 2448 1308 2516 oartas⁷

259 2555 299 2620 ds
325 2554 361 2618 vi
387 2553 552 2629 sermonis,
584 2556 619 2617 at
654 2552 881 2628 instrumenta,
909 2551 966 2615 sed
995 2571 1062 2615 non
1086 2551 1220 2636 expedit
1246 2552 1310 2616 dis-

258 2661 374 2741 putare
400 2654 563 2740 quomodo
588 2653 734 2717 Verbum
758 2653 847 2718 vivit
869 2673 927 2738 per
951 2653 1061 2717 omnia
1080 2653 1195 2732 saouln,
1220 2659 1278 2718 eta

306 2757 433 2821 Revera
458 2757 486 2820 si
513 2756 595 2821 velit
621 2755 792 2825 ascendere
816 2754 859 2819 ad
883 2754 1007 2819 dictum
1030 2754 1154 2833 nidum,
1182 2760 1310 2841 oportet

258 2859 364 2945 ipsum
390 2859 550 2923 discutere
577 2855 691 2942 quam⁸
719 2857 763 2921 sit
785 2877 901 2920 verum
924 2856 964 2920 de
987 2857 1022 2920 vi
1043 2858 1199 2921 sermonis
1222 2857 1309 2943 quod

259 2960 405 3025 Verbum
434 2960 520 3025 vivit
550 2981 608 3045 per
637 2959 747 3023 omnia
776 2957 892 3036 secula,
924 2963 1004 3038 eto.;
1037 2960 1116 3043 quia
1145 2960 1309 3025 sententia

259 3062 496 3127 studiosissima
525 3064 710 3126 sanatorum
742 3060 869 3147 adorat¹
886 3060 974 3145 quod
1011 3059 1068 3124 illa
1098 3060 1141 3124 sit
1171 3083 1238 3124 una
1268 3062 1308 3126 de

260 3163 506 3248 antiquioribus,
523 3160 757 3226 difficilioribus
773 3166 807 3227 et
822 3161 1092 3246 disputatioribus
1114 3162 1308 3229 veritatibus

260 3266 362 3330 totius
393 3263 593 3350 Scripturas:
626 3286 692 3347 qua
721 3263 886 3327 sententia
917 3263 1094 3349 explanata
1123 3265 1166 3328 ad
1196 3286 1308 3329 sensus

261 3389 372 3432 eorum
390 3373 474 3431 esset
488 3365 660 3450 theologus
679 3365 714 3428 in
734 3370 823 3430 recta
847 3366 965 3429 semita
980 3365 1023 3430 ad
1038 3364 1162 3429 dietum
1182 3366 1306 3445 nidum,

260 3471 296 3533 in
326 3491 390 3555 quo
428 3468 555 3533 videret
593 3467 702 3532 omnia
732 3489 806 3553 quae
844 3465 977 3533 fuerimt
1002 3463 1078 3533 vel⁹
1108 3471 1205 3532 amnt
1237 3466 1307 3533 Deo

259 3571 439 3659 praesentia.

306 3673 363 3736 IV.
393 3672 518 3751 Quarto
563 3671 685 3735 nititur
729 3670 867 3756 probare
912 3691 970 3755 per
1006 3669 1113 3734 locum
1151 3693 1172 3734 a
1208 3670 1308 3735 simili

260 3776 433 3840 veritatem
471 3778 651 3850 cartarum3
691 3776 725 3838 et
754 3772 860 3861 primo
890 3771 977 3858 capit
1007 3772 1096 3857 quod
1124 3793 1191 3837 non
1217 3773 1307 3838 saivo

261 3982 275 3986 -.
301 3978 659 3987 ·-—...—-—-------.-.---
677 3980 682 3984 .
701 3978 738 3984 -.-.
751 3978 769 3983 ,-
779 3978 785 3983 .
798 3976 1301 3989 ...ψ-,η--ι-υ-Μ...

294 4112 300 4141 ¹
314 4112 372 4162 Dtn
391 4112 436 4162 vii·
448 4118 470 4162 ⁹·
838 4129 848 4156 ⁸
864 4127 1050 4193 Testamentum]
1061 4111 1151 4191 tinum,
1163 4126 1218 4179 MS.
1243 4127 1304 4178 Iam

292 4189 410 4255 maan]
440 4191 506 4252 btta
530 4190 586 4242 MS·
619 4190 646 4240 A
668 4205 760 4256 proper
805 4207 873 4273 quae
901 4206 1031 4258 uncertain
1058 4221 1087 4257 a
1113 4215 1140 4258 to
1172 4207 1215 4257 ue
1248 4213 1305 4257 oue

260 4283 333 4318 name
351 4269 372 4317 is
384 4269 504 4333 wanting.
540 4269 569 4320 If
582 4269 625 4319 the
642 4270 689 4319 bar
699 4284 760 4319 over
805 4284 915 4350 mg,

258 4348 301 4396 the
310 4363 328 4396 ιι
338 4348 369 4397 be
377 4355 461 4397 notan
473 4362 550 4410 error,
562 4348 583 4398 it
593 4348 616 4397 is
626 4349 760 4399 concensu
839 4363 956 4429 τραηω]
970 4364 1069 4424 caritas,
1080 4362 1137 4415 MS.

259 4425 286 4474 in
296 4426 338 4474 the
350 4426 513 4484 contractius,
524 4433 569 4476 not
579 4427 691 4485 omitted.
837 4444 847 4473 ⁸
858 4443 943 4507 quam]
956 4443 1024 4506 quod
1035 4457 1117 4507 quam,
1129 4441 1193 4504 MS„
1205 4442 1250 4492 but
1260 4440 1303 4491 the

293 4506 303 4534 ³
314 4504 400 4568 nimia]
414 4504 491 4554 nimia
501 4504 586 4563 nimio,
599 4504 654 4556 MS.
805 4521 872 4586 quod
882 4520 904 4570 is
915 4522 1008 4571 erased.

295 4583 303 4610 ‘
315 4581 416 4647 cocum]
430 4598 524 4632 aarum
535 4584 574 4645 ad,
586 4582 642 4634 MS.
837 4596 907 4664 ⁸001]
921 4613 975 4659 nee,
986 4597 1047 4650 MS.

295 4663 304 4690 ⁵
317 4660 385 4725 ante]
400 4674 448 4711 om.
461 4659 517 4712 MS.
