3008 5490
538 724 722 774 rnscrcunr
745 724 969 776 marmorum.
1233 714 1273 775 23

239 922 256 950 “
274 920 307 978 et
329 935 396 980 non
411 910 603 979 habetur.''¹
661 912 741 977 Ideo
766 912 868 976 miror
893 912 980 997 quod
1008 911 1167 996 Magister
1193 911 1274 975 dicit

236 1038 294 1080 non
308 1037 374 1081 eme
395 1015 536 1080 eolorem
560 1015 596 1078 in
611 1014 656 1088 sie
669 1014 857 1101 arguendo:
883 1015 1041 1100 propheta
1067 1018 1146 1078 tuno
1173 1014 1275 1077 senuit

234 1118 289 1183 ribi
316 1118 428 1183 deeaee
450 1117 564 1181 lumen
589 1116 826 1202 propheticum,
855 1138 932 1201 ergo
956 1122 1036 1180 tune
1060 1137 1127 1180 non
1157 1115 1276 1179 habuit

233 1219 335 1284 lumen
358 1218 609 1304 propheticum:
632 1218 815 1283 sitantum
841 1217 1001 1282 limitetur
1026 1240 1146 1292 sensus,
1162 1225 1202 1281 ut
1216 1217 1276 1281 fiat

232 1320 344 1386 locutio
374 1321 417 1386 de
445 1320 568 1385 eodem
619 1319 665 1384 Et
699 1319 773 1384 ideo
801 1319 970 1405 signanter
1007 1321 1055 1384 ait
1090 1320 1275 1405 Gregorius,

233 1434 249 1459 “
262 1423 347 1504 Quia
369 1422 485 1489 eodem
509 1421 617 1501 hora,”
645 1421 763 1507 inquit,
793 1431 812 1457 “
826 1421 1004 1508 prophetiae
1030 1423 1182 1507 spiritum
1212 1422 1275 1484 sibi

233 1534 249 1561 ‘⁴
268 1525 375 1590 deeme
398 1524 510 1600 sensit,
553 1544 655 1588 verax
686 1522 910 1588 testimonium
941 1523 981 1586 de
1010 1523 1114 1608 seipso
1149 1523 1273 1598 intulit,

233 1636 249 1662 ‘⁸
269 1627 386 1706 diurne,
410 1625 494 1691 Non
518 1645 598 1690 mma
608 1619 801 1709 ereptam
839 1623 920 1689 Ecce
936 1647 978 1689 ex
993 1625 1054 1688 hoc
1069 1625 1157 1709 quod
1172 1625 1276 1689 defuit

231 1727 307 1791 aibi²
340 1727 479 1814 spiritus
517 1726 705 1812 prophetiae,
744 1727 855 1812 arguit
890 1726 1066 1815 Gregorius
1095 1726 1274 1800 musaliter,

162 1901 167 1910 ,
229 1829 313 1915 qnod
337 1850 400 1916 pro
426 1834 508 1893 tune
543 1825 678 1891 habuit⁸
703 1827 856 1912 spiritum
887 1829 1074 1913 prophetiae.
1120 1828 1207 1914 Ergo
1237 1828 1276 1891 de

229 1936 335 1996 mente
365 1930 464 1996 iatius
492 1929 599 1994 sanati
628 1929 769 1994 doctoris
799 1935 858 2008 eet,
890 1930 978 2015 quod
1007 1931 1077 1995 haee
1113 1930 1198 1994 ratio
1232 1929 1277 1993 sit

227 2034 395 2106 sufficiens,
435 2032 514 2096 Non
547 2053 620 2096 sum
654 2053 742 2095 nuno
775 2031 957 2117 propheta;
991 2053 1067 2117 ergo
1100 2054 1167 2096 non
1203 2053 1276 2096 sum

227 2135 393 2222 propheta.
440 2132 527 2198 Vult
550 2138 661 2197 tamen
685 2133 844 2219 Magister
870 2155 960 2197 meus
980 2157 1001 2196 a
1023 2134 1093 2219 pari
1117 2134 1275 2198 deducere

227 2237 314 2323 quod
336 2235 497 2321 sequitur,
515 2234 604 2299 Deus
618 2256 685 2300 non
711 2238 769 2309 eut,
786 2235 865 2319 quia
879 2256 946 2298 non
967 2240 1016 2300 eet
1031 2257 1125 2312 nune,
1143 2232 1275 2301 demon·

225 2339 361 2404 strando
391 2338 521 2401 instans
543 2336 755 2422 praeteritum,
784 2336 872 2420 quod
898 2342 949 2400 eet
964 2336 1035 2402 Deo
1061 2360 1201 2423 praeeena
1227 2361 1275 2403 se-

225 2441 371 2506 etmdum
386 2461 449 2514 me,
472 2443 508 2503 et
522 2459 588 2523 quo
602 2460 669 2502 non
692 2443 742 2502 eat
758 2437 849 2501 Deus
874 2439 1051 2502 seeundum
1077 2462 1162 2504 eum.
1209 2440 1274 2504 Sed

226 2542 316 2608 istud
336 2545 570 2628 argumentum
590 2561 689 2625 penes
711 2560 764 2603 me
788 2559 855 2603 non
877 2539 977 2604 habet
992 2541 1151 2607 colorem:
1185 2541 1276 2606 Deus

224 2666 295 2709 non
322 2647 375 2707 eet
406 2643 442 2706 in
478 2640 539 2706 hoo
565 2640 704 2706 instanti
726 2641 902 2726 praeterito,
927 2663 1003 2727 ergo
1027 2643 1116 2707 Deus
1134 2664 1201 2708 non
1226 2648 1276 2706 eet

224 2766 319 2811 nuno
331 2768 342 2822 ;
374 2743 450 2828 quia
470 2744 574 2807 ullum
595 2742 721 2806 instans
744 2743 947 2827 praeteritum
972 2764 1060 2806 nuno
1084 2750 1141 2808 eet.
1188 2744 1275 2808 Bene

224 2853 342 2911 amen
366 2845 505 2910 eonoedo
529 2844 591 2908 hoo
612 2848 853 2929 argumentum,
879 2844 970 2908 Deus
992 2865 1060 2908 non
1089 2848 1139 2908 eat
1165 2866 1275 2925 nunc;

225 2971 303 3035 ergo
328 2946 421 3011 Deua
446 2967 515 3010 non
539 2951 610 3024 e⁸t;
631 2945 688 3009 sed
712 2966 780 3009 non
802 2946 915 3010 audivi
939 2946 1163 3031 probationem
1184 2951 1277 3013 ante·

226 3049 393 3128 oedentis;
416 3048 494 3132 quia
508 3046 706 3130 aequivalent
726 3047 814 3131 apud
836 3069 897 3128 me,
921 3046 1011 3112 Deus
1034 3070 1100 3112 non
1116 3054 1165 3113 est
1180 3071 1275 3125 nuno,

227 3158 269 3225 et,
288 3151 379 3215 Deua
390 3171 458 3213 non
468 3153 519 3213 eet
529 3170 589 3234 pro
600 3170 751 3213 mensura
762 3148 913 3234 praesenti
927 3173 934 3226 ;
950 3171 1089 3233 quorum
1100 3156 1277 3236 utrumque

226 3258 278 3317 est
293 3253 421 3329 falsum,
435 3256 506 3315 tam
532 3271 592 3335 pro
608 3250 746 3314 instanti
761 3271 860 3334 quam
876 3251 1068 3317 aeternitate.
1115 3253 1151 3318 Si
1167 3258 1278 3320 tamen

222 3355 326 3440 juxta
351 3353 487 3417 modum
510 3351 664 3436 loquendi
686 3350 898 3436 Philosophi*
919 3353 1096 3437 accipiatur
1121 3376 1208 3420 nunc
1228 3357 1277 3422 in-

225 3456 419 3520 differenter
448 3475 507 3539 pro
543 3453 689 3539 quolibet
715 3453 862 3528 instanti,
903 3454 1008 3519 adhuc
1037 3478 1103 3521 non
1130 3460 1278 3544 sequitur

226 3579 287 3643 per
311 3578 365 3621 me
388 3556 476 3641 quod
501 3556 632 3640 aliquod
653 3576 741 3619 nunc
764 3555 967 3639 preeteritum
994 3563 1052 3637 eat,
1069 3562 1218 3643 quamvis
1233 3561 1278 3625 sit

228 3660 301 3723 Deo
331 3679 474 3743 pmcne
485 3682 494 3736 ;
528 3657 606 3740 quia
631 3656 711 3720 alias
740 3657 859 3742 negavi
889 3656 973 3721 hanc
1005 3663 1277 3744 consequentiam,

226 3782 250 3824 a
275 3766 327 3823 eet
352 3759 424 3823 Deo
439 3780 590 3844 praesens,
607 3779 683 3844 ergo
703 3778 726 3822 u
746 3763 816 3838 θεῖς
839 3758 924 3823 siout
939 3760 1025 3823 infra
1040 3763 1144 3848 magis
1160 3763 1278 3828 diffuse

262 3986 270 4016 ¹
290 3984 351 4034 “Et
368 3990 407 4033 eet
426 3983 510 4034 abente
527 3983 602 4048 longe
621 3997 675 4032 case
690 3982 733 4041 ihi,
812 3980 930 4047 ¹tatutt]
956 3999 983 4034 ao
1002 3985 1065 4045 MS..
1085 3988 1131 4038 but
1152 3993 1280 4040 corrected

228 4062 649 4125 “relraemuoorporeodistare
684 4062 733 4112 Sed
780 4069 805 4111 to
828 4061 944 4111 habuerit.
979 4063 1034 4114 The
1058 4066 1106 4116 tear
1125 4069 1236 4119 classical
1259 4070 1280 4120 ia

229 4149 245 4170 “
257 4144 343 4192 derare
363 4150 402 4191 aot
419 4142 485 4190 idem
503 4142 569 4205 quod
585 4141 671 4190 abesse
693 4140 734 4189 vel
780 4141 821 4190 the
836 4149 891 4191 true
902 4142 1014 4206 reading.

230 4220 482 4270 “deficere'‘-Joh
494 4220 629 4268 Balbuade
643 4218 733 4268 Janua.
813 4219 966 4270 ⁴Aristotle.
1000 4221 1194 4292 Itisastrange
1210 4242 1280 4290 prae·

231 4299 388 4356 catholicon,
412 4299 475 4347 Part
497 4298 527 4346 V.
547 4295 638 4345 obsum.
679 4296 735 4345 The
779 4295 828 4346 tice
836 4297 875 4345 for
884 4298 926 4347 the
935 4298 1280 4363 philosophertobcaccuscd

231 4378 345 4426 vathos
361 4376 534 4441 Uguciodoea
548 4384 592 4427 not
608 4383 735 4439 apporto
780 4375 813 4424 of.
849 4376 905 4425 The
918 4378 960 4425 old
979 4381 1129 4439 translatore,
1142 4384 1172 4431 of
1186 4400 1281 4438 course,

232 4455 298 4505 hm
309 4457 373 4506 been
384 4455 492 4519 printed.
781 4455 901 4503 rendered
924 4471 965 4502 νυν
985 4457 1137 4522 unirerually
1158 4462 1192 4524 by
1212 4479 1282 4519 trane,

782 4532 893 4581 whether
905 4533 923 4583 it
935 4550 985 4585 uae
997 4552 1010 4584 a
1022 4537 1125 4601 partiale
1139 4540 1169 4588 of
1182 4539 1240 4588 tina¹
1253 4554 1282 4590 ot·

266 4608 346 4676 ’tuq
360 4597 484 4670 fiais,
497 4610 533 4659 ae.
546 4609 632 4659 anca
784 4608 955 4661 ofrnsertnee.
