3008 5490
543 757 724 806 rrscrcurr
747 731 971 807 zrzruroaum
1223 741 1287 814 147

223 944 349 1009 lectum
372 943 560 1019 nefandum,
577 946 635 1009 sed
654 945 694 1008 de
718 944 808 1008 falsis
831 943 1050 1030 improperiis¹
1068 966 1135 1008 non
1157 951 1283 1022 curant,

226 1046 375 1112 dolentes
407 1046 496 1131 quod
517 1046 666 1111 idolatrae
692 1051 820 1132 ponunt
842 1068 970 1110 carnem
994 1046 1118 1112 Christi
1148 1053 1182 1112 et
1212 1069 1286 1112 san-

229 1149 361 1235 guinem
393 1145 477 1212 ω’
506 1149 628 1234 tropice
661 1170 779 1233 panem
811 1153 845 1212 et
874 1149 990 1213 vinum
1025 1149 1218 1225 materiales,
1250 1156 1286 1215 et

229 1248 299 1314 illos
314 1271 386 1314 esse
409 1249 654 1328 eucharistiam
678 1255 711 1314 et
733 1250 806 1314 ideo
824 1250 946 1335 tropice
960 1251 1144 1327 conficiunt,
1161 1252 1284 1336 tropice
1358 1245 1361 1248 ⁴

231 1350 405 1427 eelebrent,
443 1356 478 1416 et
514 1352 578 1415 nisi
614 1351 807 1437 resipiscant
851 1351 992 1417 identice
1030 1352 1282 1419 damnabuntur.

232 1451 369 1518 Falsum
389 1453 489 1516 etiarn
511 1452 658 1528 includit,
690 1453 768 1537 quia
790 1451 902 1516 fideles
933 1453 1056 1517 Christi
1086 1455 1223 1518 credunt
1250 1460 1284 1519 ct

232 1555 344 1618 sciunt
371 1553 515 1629 frmdare‚
546 1560 586 1619 ut
615 1559 709 1640 patet
735 1576 794 1638 per
824 1554 969 1617 doctores
994 1555 1084 1638 prius
1119 1555 1282 1640 allegatos,

232 1655 325 1741 quod
360 1654 550 1720 eucharistia
583 1661 633 1720 est
666 1655 806 1719 identice
833 1676 907 1718 caro
937 1660 971 1719 et
995 1656 1127 1740 sangrus
1153 1655 1284 1720 Christi

232 1756 279 1821 Et
294 1753 385 1821 ideo⁸
396 1756 501 1821 sciunt
512 1755 636 1822 Christi
650 1757 790 1821 cultores
804 1755 942 1820 fundare
962 1756 1050 1841 quod
1071 1778 1167 1821 suum
1181 1777 1286 1820 sacra

231 1864 381 1922 mentum
404 1864 454 1923 est
475 1858 612 1935 rechten
637 1859 738 1923 immo
761 1858 937 1922 realissime
959 1880 1074 1944 corpus
1098 1857 1228 1924 Christi.

286 1959 499 2025 Confitentur
527 1961 628 2025 etiam
658 1959 714 2024 alii
745 1961 908 2045 quendam
937 1961 1076 2046 gradum
1102 1961 1138 2025 in
1161 1961 1262 2048 signis
1274 1985 1283 2042 3
1296 1978 1441 2043 'lneyhord

229 2080 287 2148 per
309 2083 409 2148 quem
432 2062 596 2127 extollunt
618 2084 678 2126 sua
692 2067 901 2126 sacramenta.
936 2061 1064 2126 Fideles
1084 2068 1194 2127 autem
1209 2047 1438 2177 con-ssffffl

229 2162 369 2228 fitentur
392 2164 640 2228 eminentiorem
663 2164 802 2250 gradum
824 2164 860 2226 in
883 2164 990 2250 signis,
1009 2165 1087 2248 quia
1110 2165 1188 2229 data
1209 2187 1283 2231 con—

228 2265 400 2330 venientia
422 2287 613 2351 quacunque
642 2266 736 2351 panis
763 2266 805 2329 ad
834 2267 1139 2331 sacramentandum
1169 2289 1284 2353 corpus

229 2364 363 2443 Christi,
388 2367 443 2430 vel
468 2367 539 2431 vini
566 2367 609 2431 ad
632 2368 830 2452 sanguinem,
858 2366 962 2452 major¹
985 2373 1035 2432 est
1057 2370 1286 2433 convenientia

229 2469 373 2554 eorporis
399 2468 524 2534 Christi
549 2469 585 2531 in
612 2469 708 2532 altari
735 2468 777 2532 ad
807 2490 921 2554 corpus
949 2466 1075 2535 Christi
1096 2492 1227 2554 passum
1250 2476 1285 2535 et

229 2576 407 2644 mortuum,
440 2570 518 2654 quia
547 2571 690 2634 identica
725 2570 946 2634 accidentibus
968 2571 1127 2633 variatis.⁴
1184 2571 1286 2655 Prop-

227 2676 281 2736 ter
304 2672 393 2757 quod
416 2672 496 2736 dicit
518 2669 696 2755 Dionysius
723 2672 810 2755 quod
835 2676 884 2733 est
909 2670 1010 2733 teleta
1032 2671 1213 2746 teletarum,
1229 2672 1287 2734 ie.

227 2774 361 2859 signum
383 2774 557 2858 signorum
596 2772 641 2836 Et
655 2772 723 2849 hoc,
740 2769 793 2836 ut⁶
806 2771 953 2845 videtur,
962 2770 1166 2855 proloquitur
1187 2771 1287 2856 perti-

230 2881 350 2939 nenter
365 2875 405 2938 de
427 2875 554 2938 ratione
577 2875 669 2960 signi,
695 2879 734 2937 ut
757 2895 831 2936 eum
847 2877 1085 2936 commentator
1108 2871 1264 2957 exponit⁶

277 2976 485 3040 Recurrendo
519 2975 561 3039 ad
599 2972 812 3039 sententiam⁷
846 2974 1105 3058 suprapositam;
1134 2974 1286 3039 videlicet

230 3079 320 3163 quod
341 3075 444 3141 sicut⁸
467 3077 600 3163 angelus
614 3077 679 3140 fuit
702 3075 835 3161 angelus
855 3076 1031 3139 secundum
1058 3075 1284 3151 substantiam,

231 3188 264 3244 et
276 3181 330 3243 vir
340 3180 517 3243 seeundum
530 3179 666 3263 speciem
682 3203 689 3255 3
709 3178 757 3240 ita
769 3198 883 3261 corpus
897 3176 1020 3240 Christi
1034 3177 1070 3239 in
1085 3183 1286 3241 sacramento

230 3282 346 3345 altaris
362 3287 411 3344 cst
427 3303 539 3365 corpus
556 3280 678 3344 Christi
701 3279 877 3342 secrmdum
901 3278 1125 3354 substantiam,
1144 3285 1177 3343 et
1192 3278 1286 3364 panis

231 3384 412 3448 secundum
438 3384 583 3467 speciem.
631 3382 793 3446 Praedicta
823 3381 986 3444 sententia
1013 3403 1066 3445 ore
1094 3380 1217 3446 Christi
1244 3403 1285 3445 ex

232 3485 402 3569 evangelio
440 3485 651 3547 confirmatur
665 3480 690 3560 ;9
728 3504 804 3544 nam
836 3482 983 3547 Christus
1014 3483 1190 3547 instituens
1225 3482 1285 3547 hoc

232 3590 471 3650 sacramentum
495 3586 634 3669 corporis
665 3584 759 3656 dixit,
784 3584 857 3648 Hoc
887 3591 932 3647 cst
959 3605 1081 3667 corpus
1104 3606 1226 3659 ancum,
1252 3590 1285 3647 et

231 3692 471 3751 sacramentum
494 3686 662 3770 sangarinis
685 3685 779 3759 (lixit,
804 3684 842 3746 H
844 3684 873 3748 ic
888 3691 934 3748 cst
957 3684 1102 3768 sanquis
1117 3682 1249 3748 crearem

271 4020 455 4086 'improperiiq
469 4016 660 4082 impropriis,B.
786 4019 891 4064 τελετῶν
914 4033 965 4068 was
992 4026 1174 4067 sacramentum
1202 4032 1285 4067 sacra·

266 4100 354 4163 ἀπ]
372 4115 421 4148 om.
434 4099 462 4148 C.
785 4104 941 4155 mentorum
965 4099 1014 4146 and
1041 4097 1096 4146 that
1113 4097 1214 4161 signum
1234 4096 1284 4159 sig-

268 4177 356 4241 ¹ideo]
370 4193 429 4235 non,
441 4177 471 4224 B.
785 4190 875 4224 norum
899 4175 921 4223 is
944 4189 976 4223 an
999 4190 1076 4234 error,
1099 4176 1193 4239 arising
1220 4176 1285 4225 from

268 4256 407 4319 *ιἀνίαεὶε]
422 4253 556 4313 varietatis,
568 4254 601 4313 A,
613 4255 643 4304 B.
785 4253 827 4302 the
847 4268 890 4302 use
907 4254 936 4302 of
955 4252 1128 4304 contractione.
1163 4254 1211 4304 See
1232 4253 1282 4302 Th.

268 4337 278 4364 ⁵
292 4336 331 4399 ur]
346 4335 414 4398 quid,
426 4334 456 4383 C.
785 4332 909 4396 Aquinus,
921 4330 1025 4382 Summa
1036 4346 1076 4382 rrr.
1089 4348 1112 4396 q.
1124 4338 1163 4392 65,
1175 4333 1213 4384 tit.
1226 4337 1250 4382 3.

268 4414 401 4477 ‘erponiq
427 4412 449 4460 B
471 4411 540 4472 adds,
564 4410 658 4460 scilicet
677 4412 739 4459 Lin-
819 4409 1035 4476 'adducentium
1053 4411 1143 4462 omC.

233 4492 375 4541 oolniensis.
411 4492 458 4541 See
468 4491 575 4553 Dionys.
593 4490 662 4539 10}ch
678 4489 740 4539 Hie-
819 4489 915 4554 ἐῖσαι]
929 4503 977 4539 om.
990 4489 1020 4541 C.

235 4571 328 4629 meh,
348 4585 402 4633 cap.
425 4576 448 4618 3.
495 4570 520 4619 lt
548 4584 605 4633 may
630 4570 661 4619 be
686 4584 740 4618 sus-
819 4568 1008 4633 ’ccnfirmatud
1023 4567 1162 4626 conficitur,
1174 4568 1205 4618 Β.

235 4650 325 4713 pected
336 4649 392 4700 rhet
402 4649 444 4698 the
456 4649 603 4699 unnrletion
614 4648 644 4696 os
651 4646 739 4704 τελετὴ
822 4646 840 4675 ¹⁰
851 4645 923 4696 Mart
936 4646 1007 4696 nri
1020 4651 1060 4705 26,
1072 4652 1112 4706 28,
1124 4655 1170 4696 etc.

1128 4726 1197 4787 112
