3158 5490
564 729 741 781 risulcum
771 727 994 780 zrzmonmn
1263 717 1305 782 57

259 917 354 980 Plato
392 917 480 1002 leget
513 914 548 979 in
580 917 697 982 scholis
734 916 917 992 umdemiae,
941 923 976 981 et
1009 915 1147 980 habebit
1177 914 1305 980 eosdem

256 1017 417 1082 scholares
438 1039 521 1102 quos
543 1018 635 1103 prius
656 1018 794 1094 habuit3
827 1019 914 1103 quod
946 1017 1067 1081 Paulus
1093 1022 1308 1102 prosequetur

257 1119 425 1183 ecclesium
448 1118 533 1199 Dei;
566 1119 654 1203 quod
685 1119 881 1205 Magdulena
902 1120 1079 1205 prostituet
1100 1141 1133 1183 se
1156 1118 1286 1182 libidini
1298 1141 1308 1196 ;

258 1220 347 1304 quod
369 1220 487 1284 Petrus
515 1220 652 1305 negabit
683 1218 875 1300 Christum
907 1222 1007 1285 immo
1029 1220 1118 1304 quod
1139 1225 1307 1305 pecudum

259 1321 294 1384 in
325 1327 458 1384 tuntum
487 1321 680 1396 abundabit,
714 1322 801 1406 quod
836 1323 926 1386 Deus
947 1343 1007 1408 per
1028 1343 1123 1406 uquae
1145 1321 1307 1385 diluuium

259 1422 406 1486 destruet
425 1423 493 1486 fere
524 1429 633 1487 totum
663 1445 767 1508 genus
800 1423 1003 1502 humanum3
1036 1423 1239 1507 quaeomnia,
1255 1421 1309 1485 vel

260 1545 320 1608 pro
339 1524 455 1609 majori
478 1531 580 1609 parte,
603 1530 681 1589 sunt
702 1524 850 1610 pessimae
872 1524 1090 1609 blasphemiae,
1116 1528 1151 1588 et
1173 1524 1310 1588 haereses

260 1625 450 1705 manifestae,
466 1626 566 1689 immo
581 1632 695 1690 eontra
708 1627 882 1689 veritatem
898 1646 997 1690 soene
1016 1624 1214 1710 Scriptum,
1237 1624 1309 1688 ideo
1347 1663 1355 1677 ·

260 1727 348 1790 enim
370 1727 495 1812 positus
517 1734 568 1792 ost
591 1749 684 1791 arcus
702 1728 737 1790 in
766 1727 910 1790 nubibus
932 1726 1001 1804 oeli,
1016 1730 1056 1789 ut
1071 1726 1115 1789 sit
1130 1726 1163 1790 in
1180 1726 1309 1810 signum

261 1826 393 1892 foederis
409 1829 496 1913 quod
519 1828 609 1893 Deus
629 1851 690 1914 per
711 1851 831 1913 aquam
846 1850 911 1892 non
927 1827 1074 1892 destruet
1088 1826 1255 1899 mundum,
1272 1830 1311 1890 ut

260 1934 354 2013 patet
367 1950 410 1993 ex
424 1951 572 2015 processu
589 1930 723 1994 Generis
740 1947 787 2010 lx,
800 1934 850 1992 15.
896 1930 942 1992 Et
957 1929 1134 2014 Apostolus
1143 1928 1183 1992 de
1198 1934 1310 1992 sumtu

260 2031 495 2095 resurreetione
520 2032 663 2117 loquens
680 2030 764 2095 hane
786 2032 994 2095 securitatem
1016 2030 1168 2114 promisit
1191 2030 1309 2093 electis

261 2131 465 2217 Ropiemur,
490 2133 607 2218 inquit,
631 2132 767 2197 obvium
790 2132 923 2198 Clu-isto
945 2140 975 2197 et
997 2131 1048 2196 sio
1078 2153 1209 2217 seraper·
1230 2153 1310 2195 eum

263 2233 415 2298 Domino
443 2233 609 2299 erimuer¹
642 2235 697 2310 sie,
725 2235 775 2297 ie.
799 2234 998 2298 immortales
1020 2232 1105 2307 facti,
1133 2233 1310 2297 secumdum

263 2326 411 2420 glossam
461 2335 633 2421 Numquid
656 2335 832 2420 Apostolus
865 2357 924 2421 per
955 2335 1018 2399 hoc
1046 2334 1201 2420 intelligit
1224 2335 1311 2418 quod

262 2436 309 2499 sie
338 2458 465 2522 semper
495 2458 569 2500 oum
607 2437 750 2500 Domino
779 2437 925 2501 fuimusl
978 2436 1113 2500 Certum
1144 2441 1194 2499 est
1223 2436 1312 2519 quod

263 2559 337 2603 non
384 2537 471 2623 Ergo
494 2560 560 2603 non
591 2539 748 2623 sequitur,
780 2538 826 2602 sie
852 2538 980 2611 erimus,
1004 2559 1081 2621 ergo
1103 2537 1148 2600 sie
1170 2536 1311 2611 fuimus;

263 2630 298 2702 et
325 2630 349 2702 u
378 2639 457 2724 puri,
488 2660 587 2704 neee
619 2645 732 2704 eontra
754 2639 793 2702 de
825 2639 949 2701 virtuto
979 2638 1111 2700 termini
1141 2636 1313 2720 sequitm·,‘·’

263 2740 320 2804 Sic
335 2740 465 2815 fuimus,
482 2763 559 2826 ergo
573 2741 619 2804 sic
633 2741 762 2807 erimus.

309 2845 338 2907 3.
361 2840 472 2905 Tertio
496 2843 538 2905 od
562 2843 649 2908 idem
683 2843 736 2906 sie.
783 2843 824 2906 In
851 2841 912 2906 hoe
934 2844 1045 2904 errant
1070 2838 1093 2903 J
1096 2837 1182 2903 udeei
1203 2859 1224 2902 o
1246 2836 1310 2902 fide
1324 2851 1404 2902 'rhiru
1415 2867 1455 2902 ar·

262 2941 425 3007 catholiea
456 2942 546 3028 quod
578 2943 749 3008 Christum
781 2944 850 3007 sive
886 2942 1039 3008 Messium
1074 2940 1210 3005 credunt
1243 2959 1312 3004 esse
1324 2928 1435 2983 gumen

258 3048 447 3108 -venturum
471 3045 507 3107 in
536 3045 705 3119 mundum,
738 3045 780 3108 ad
817 3044 923 3130 legem
961 3043 1024 3107 Dei
1063 3042 1248 3121 dooendem,
1279 3046 1314 3105 et

266 3144 378 3209 fideles
399 3165 475 3210 suos
500 3145 715 3224 redimendos,
740 3146 827 3229 quod
851 3145 1030 3210 Christiani
1052 3166 1118 3209 non
1140 3148 1315 3230 expectant
1401 3145 1406 3155 '

267 3246 479 3331 implendum,
496 3247 553 3311 sed
572 3247 709 3311 eredunt
731 3247 910 3332 impletum.
957 3247 1022 3311 Sed
1045 3246 1132 3310 data'
1145 3247 1209 3310 iste
1230 3246 1316 3331 posi-

267 3345 358 3411 tione
374 3347 397 3412 J
399 3340 484 3412 udaei
498 3369 615 3412 verum
630 3348 799 3412 crederent
808 3349 843 3410 in
858 3348 920 3411 hae
934 3353 1027 3433 parte
1042 3372 1050 3427 ;
1064 3348 1143 3433 quia
1157 3349 1314 3433 sequitur,

269 3448 371 3523 venit,
399 3470 476 3535 ergo
502 3455 663 3514 venturus
689 3454 761 3527 est3
788 3456 822 3512 et
848 3450 876 3512 si
900 3447 1061 3527 redemit,s
1087 3451 1248 3527 redimet3
1282 3455 1316 3513 et

268 3549 318 3647 ita
347 3549 388 3612 de
417 3550 497 3626 aliis,
522 3550 607 3614 sieut
638 3551 717 3614 dicit
747 3550 863 3635 opinio.
910 3550 997 3636 Ergo
1027 3552 1190 3615 sententie
1219 3550 1317 3633 hujus

270 3649 358 3726 dieti,
375 3648 428 3714 vel
443 3651 558 3715 saltem
581 3650 696 3715 modus
718 3652 780 3715 iste
803 3652 955 3737 loquendi
976 3656 1136 3736 repugnet
1151 3650 1316 3714 catholieo)

270 3751 356 3814 fidei.
1155 3763 1157 3769 ’

315 3849 386 3916 Nee
422 3851 512 3917 valet
550 3854 654 3918 dioere
685 3852 772 3939 quod
802 3856 918 3919 modus
954 3854 1115 3949 loquendi
1137 3860 1187 3920 est
1213 3860 1319 3919 rectus

270 3957 305 4015 et
337 3954 417 4016 setis
450 3954 635 4029 tolerabilis
667 3976 706 4018 eo
738 3956 826 4039 quod
852 3955 962 4041 [nihil]
993 3955 1234 4032 sententiatur,4
1266 3955 1320 4020 vel

271 4053 467 4138 intelligitur
497 4077 555 4140 per
586 4056 684 4119 istam
719 4055 980 4140 propositionem,
1013 4056 1118 4121 Omne
1149 4057 1236 4141 quod
1258 4057 1321 4121 erit

276 4287 336 4297 ...μ
344 4290 369 4295 ,..
385 4291 412 4296 ...
443 4291 459 4296 ..
466 4291 939 4302 .-..--.-....⁴--—-.—.-—.-—-———--

306 4449 315 4479 ¹
330 4452 341 4498 1
356 4448 445 4501 Thess
454 4448 487 4501 ir.
502 4453 541 4502 17.
856 4453 985 4522 ³redom'e]
1005 4454 1110 4518 redimit,
1122 4455 1178 4509 MS.

307 4529 442 4591 ²sepultur,
457 4527 513 4593 Sic]
534 4531 645 4594 sequitur
661 4545 722 4596 orgo
733 4533 775 4592 sic,
857 4535 939 4597 ‘quod
959 4536 1046 4601 [nihil]
1066 4533 1235 4599 sententiatim]
1258 4526 1323 4598 quod

276 4603 334 4655 MS.
644 4606 649 4617 '
822 4605 1010 4674 sentencialiter,
1022 4615 1077 4664 MS.
