3158 5490
264 633 329 697 384
575 639 755 692 rusclum
775 638 1015 693 zrzmonmr.

263 835 380 893 iorum
411 825 581 911 infin-itus
614 832 661 892 est
692 846 866 892 nanterus
914 826 963 891 Et
987 826 1227 893 consimiliter
1246 828 1332 892 voni

264 950 318 992 eos
348 927 634 1012 pseudo-Christos
661 933 695 992 et
736 926 1086 1013 pseudoprophetas:
1145 929 1190 994 de
1224 926 1331 1014 thm

263 1030 312 1093 ait
343 1027 502 1106 Christus,
536 1028 633 1093 Matt.
658 1045 753 1092 xxru
778 1030 829 1103 24,
860 1027 1020 1112 Sarmat
1048 1026 1330 1113 pseudo-Ohridi

264 1135 293 1192 et
326 1127 648 1214 pseudopropheta,
687 1135 717 1192 et
754 1127 911 1193 seducent
957 1129 1105 1195 multos
1180 1131 1229 1195 Et
1264 1129 1328 1195 idco

264 1229 403 1314 quilibet
429 1229 625 1294 christianus
649 1229 747 1294 debet
773 1229 900 1293 credere
922 1228 1082 1307 firmiter,
1112 1232 1210 1317 quod
1234 1251 1328 1311 aar

263 1336 410 1394 mentum
450 1330 562 1394 altaris
601 1335 650 1394 est
679 1351 776 1394 verus
814 1329 916 1414 panis,
948 1335 984 1394 et
1023 1352 1101 1396 non
1131 1333 1240 1398 falsus
1274 1350 1327 1395 nac

263 1431 365 1495 fictus.
422 1430 467 1495 Et
497 1431 648 1515 quamvis
677 1431 722 1494 sit
753 1452 848 1495 verus
877 1430 981 1516 panis,
1013 1437 1071 1497 est
1108 1437 1230 1498 tamen
1257 1452 1325 1497 vere

264 1553 380 1618 corpus
411 1531 559 1609 christu
597 1554 635 1597 eo
665 1532 762 1597 modo
800 1553 865 1616 quo
903 1532 973 1646 ipse
1011 1531 1117 1599 dixit
1167 1534 1217 1600 Et
1246 1532 1324 1599 sica

265 1639 314 1697 est
337 1655 433 1697 verus
458 1634 548 1698 Deus
573 1637 608 1696 et
632 1654 730 1696 verus
753 1632 872 1708 homo;
902 1631 948 1696 sic
972 1631 1029 1697 ille
1055 1634 1169 1719 panis,
1199 1634 1258 1721 qui
1279 1638 1324 1699 mi

264 1738 512 1810 sacramentum,
538 1738 587 1798 est
609 1755 706 1797 verus
732 1733 836 1818 panis,
853 1739 887 1797 ct
900 1754 1017 1798 verum
1042 1755 1169 1820 corpus
1195 1733 1321 1802 Ohrieh’

265 1832 311 1897 Et
337 1835 422 1899 sicut
446 1834 596 1899 Christus
622 1855 680 1919 per
705 1855 798 1897 suam
822 1832 1065 1897 humanitatem
1091 1835 1162 1901 fuit
1185 1834 1320 1901 visrhilia

264 1938 298 1996 et
324 1934 493 2018 passibilis,
526 1940 560 1998 et
590 1955 647 2018 per
677 1955 770 1998 suam
797 1933 1009 1997 divinitatem
1041 1933 1113 1999 fuit
1144 1934 1318 2001 invisibilis

266 2030 348 2116 [et]¹
371 2033 600 2118 impassibilis5
623 2034 669 2098 sie
691 2033 752 2099 hoo
774 2040 1021 2111 sacramentum,
1038 2034 1076 2097 in
1099 2058 1142 2101 eo
1163 2036 1254 2121 quod
1274 2040 1319 2101 mi

211 2198 214 2205 ,
262 2153 359 2196 verus
381 2134 483 2218 panis,
500 2139 609 2218 potest
630 2134 736 2200 videri
760 2135 851 2200 oculo
874 2134 1041 2220 coqmrali,
1058 2141 1094 2201 ct
1119 2143 1233 2222 potest
1253 2134 1318 2223 peti

263 2234 529 2319 corruptionem
567 2236 625 2300 sed
647 2236 797 2320 quamvis
835 2234 931 2300 honio
960 2234 1077 2300 videat
1110 2237 1200 2303 illud
1221 2258 1318 2303 som·

262 2339 419 2412 mentum,
443 2358 509 2402 non
525 2342 636 2401 tamen
658 2342 766 2422 potest
785 2336 891 2401 videri
909 2336 1001 2402 oculo
1026 2339 1193 2424 corporali
1208 2358 1316 2425 corpus

264 2436 389 2501 Christi
420 2437 455 2501 in
484 2437 541 2502 illo
571 2442 781 2515 sacramento,
808 2438 957 2522 quamvis
987 2436 1050 2503 hoc
1076 2445 1315 2505 sacrumentun

263 2539 308 2602 sit
323 2561 437 2625 corpus
454 2538 578 2604 Christi
601 2560 639 2603 eo
662 2537 759 2604 modo
782 2561 848 2624 quo
870 2539 938 2625 ipse
960 2538 1056 2604 dixit
1105 2539 1155 2607 Et
1170 2539 1316 2628 qrmmris

263 2639 323 2704 hoe
346 2647 583 2705 sacramentum
606 2646 839 2726 corrumpatur,
862 2645 896 2704 et
918 2639 979 2705 hoc
1001 2649 1250 2708 sacamentum
1271 2647 1315 2708 st

263 2762 377 2825 corpus
408 2741 531 2806 Christi
553 2763 591 2805 ec
613 2741 710 2806 modo
742 2763 807 2826 quo
841 2741 909 2827 ipse
943 2740 1038 2819 dixit,
1063 2748 1182 2808 tamen
1206 2764 1316 2831 corpus

264 2841 387 2906 Christi
426 2848 476 2906 est
512 2842 609 2907 niodo
645 2842 890 2927 incorruptibile
920 2842 956 2904 in
986 2843 1076 2907 coelo.
1137 2844 1187 2908 Et
1217 2866 1316 2911 same

263 2947 412 3006 mentum
450 2942 557 3006 calicis
595 2948 645 3007 est
679 2964 794 3007 venun
824 2942 947 3019 tinum,
980 2948 1014 3007 et
1051 2964 1152 3008 verus
1194 2944 1315 3011 Christi

263 3043 402 3126 sanguis
427 3043 605 3107 seeundum
629 3043 715 3126 quod
740 3043 807 3127 ipse
831 3043 925 3106 dixit.

307 3145 334 3205 3.
360 3141 448 3206 Item
476 3143 563 3227 quod
591 3142 801 3207 Innocentius
832 3143 956 3218 tertius,
983 3165 1057 3207 cum
1083 3166 1212 3231 magna
1236 3146 1316 3211 mul·

262 3242 405 3306 titudine
428 3243 614 3307 clericorum
646 3243 874 3322 mundialirun,
897 3243 973 3309 fecit
1003 3265 1126 3308 novam
1149 3247 1316 3330 quandam

261 3343 574 3421 determinationem,
610 3344 698 3429 quod
727 3351 965 3409 sacramentum
1005 3345 1120 3409 altaris
1152 3354 1205 3411 est
1237 3348 1318 3412 acci-

261 3443 341 3506 dens
379 3445 448 3508 sine
494 3444 662 3528 subject0;
699 3466 773 3508 cum
815 3466 875 3509 nec
913 3443 1009 3508 Jcsus
1055 3445 1218 3523 Christus,
1259 3469 1317 3512 nec

260 3543 377 3626 aliquis
417 3545 637 3629 apostolorum
676 3545 745 3629 ejus
784 3544 894 3610 docrdt
931 3545 1014 3609 hanc
1051 3545 1153 3609 fidem
1192 3553 1314 3632 aperte,

213 3673 219 3683 ·
260 3643 316 3705 sed
345 3644 516 3710 manifeste
548 3646 769 3710 contrarium:
804 3667 863 3710 nec
897 3645 997 3710 etiam
1029 3646 1135 3710 sancti
1169 3647 1315 3713 doctores

259 3765 317 3828 per
357 3743 446 3809 mille
487 3768 589 3810 annos
626 3751 661 3811 et
698 3746 837 3832 amplius
875 3745 1056 3810 docuerunt
1092 3744 1178 3811 hanc
1216 3747 1314 3813 fidem

260 3849 380 3930 aperte

315 3949 344 4010 4.
369 3947 455 4011 Item
493 3948 623 4032 quando
661 3947 893 4023 Antichristus,
932 3947 984 4012 vel
1022 3920 1142 4031 aliquis
1180 3970 1313 4014 suorum

259 4047 474 4111 mundialium
512 4047 711 4124 clericorum,
751 4048 934 4133 interrogat
964 4053 1006 4123 11,
1037 4047 1177 4132 simplex
1217 4048 1314 4113 chris·

259 4148 357 4227 tiaue,
401 4147 563 4232 numquid
598 4148 661 4213 hcc
701 4155 941 4214 sacramentum
978 4148 1023 4212 sit
1059 4170 1157 4214 verus
1211 4150 1313 4236 panis,
