3008 5490
528 741 653 793 rancis
675 741 748 793 sun
771 739 985 795 DOwMENTs.
1210 731 1272 803 471

274 930 302 992 2.
327 927 477 994 Secundo
506 928 617 1018 arguit
648 932 771 998 Doctor
799 931 852 998 sic
920 932 957 999 Si
995 934 1107 999 eedem
1137 932 1277 999 essentia
1290 942 1421 1010 Seconny,

225 1029 273 1095 sit
309 1031 457 1108 materia,
480 1032 586 1098 forma
619 1039 653 1099 et
686 1035 882 1120 compositio,
906 1055 984 1122 ergo
1007 1056 1029 1100 a
1058 1036 1130 1121 pari
1163 1036 1276 1102 eadem

224 1131 414 1198 substantia
427 1133 480 1199 vel
495 1140 622 1200 natura

273 1232 340 1299 Hic
368 1235 508 1301 concedo
530 1225 783 1314 conclusionem(
801 1238 1037 1326 praesupposita
1068 1237 1276 1307 distinctione

224 1335 268 1401 ‹le
297 1335 484 1403 substantia
513 1342 547 1403 et
576 1344 695 1404 natura
721 1361 820 1425 quarn
850 1340 931 1406 alias
959 1340 1076 1407 diffuse
1107 1342 1275 1409 declaravi.

272 1441 302 1504 3.
326 1437 391 1504 Sed
415 1438 501 1504 ultra
523 1440 656 1527 argirit3
678 1441 806 1506 nullum
828 1443 1043 1508 substantiale
1062 1443 1276 1532 distinguntur
1289 1456 1403 1524 Thirdu.

224 1541 404 1607 secundum
448 1542 553 1629 magis
591 1549 625 1607 et
661 1543 792 1623 minus3
826 1564 903 1632 ergo
934 1544 1026 1609 nulla
1058 1547 1195 1611 materia
1226 1552 1276 1613 est

224 1642 331 1728 magis
366 1649 487 1709 natura
530 1645 584 1710 vel
628 1645 812 1710 substantia
857 1666 956 1731 quam
1001 1646 1114 1724 forma,
1152 1669 1213 1714 nec
1256 1672 1275 1715 s

224 1750 348 1810 contra

271 1845 338 1912 Hic
359 1847 492 1913 videtur
512 1847 594 1913 mihi
617 1846 705 1935 quod
726 1833 1057 1938 idem'argumentum
1081 1872 1175 1937 aeque
1197 1873 1271 1938 pro·

225 1947 354 2015 cederet
378 1955 490 2015 contra
516 1971 741 2037 quemcunque
766 1958 941 2039 ponentem
967 1950 1092 2038 aliquid
1116 1975 1185 2019 esse
1210 1955 1275 2020 alio

224 2050 330 2138 magis
353 2051 570 2118 substantiam
590 2078 597 2131 ;
621 2054 700 2139 quia
721 2075 790 2120 esse
812 2055 1032 2120 substantiam
1054 2062 1104 2122 est
1126 2057 1276 2122 substan·

224 2152 305 2218 tiale
336 2174 507 2220 commune
536 2155 717 2241 cuicunque
746 2156 949 2235 substantiae,
982 2162 1016 2222 et
1042 2156 1170 2223 nullum
1200 2159 1275 2224 aab

224 2256 379 2321 stantmle
406 2255 441 2320 in
463 2275 523 2321 sua
551 2257 786 2323 communitate
808 2258 943 2343 suscipit
964 2259 1068 2345 magis
1091 2265 1125 2325 et
1147 2260 1275 2339 minus3

225 2354 337 2442 igitur,
353 2362 411 2422 etc.
474 2357 590 2423 Restat
616 2357 719 2445 igitur
742 2376 801 2445 pro
824 2356 889 2424 iste
913 2359 1040 2425 ratione
1066 2360 1172 2426 dicere
1196 2383 1276 2445 quo·

224 2457 323 2524 modo
371 2459 496 2545 aliquid
541 2466 591 2525 est
638 2460 763 2545 reliquo
809 2460 913 2546 magis
959 2461 1151 2540 substantia,
1189 2463 1277 2546 quod

225 2562 457 2627 consonantias
480 2563 679 2647 acciperetur
708 2562 737 2627 si
767 2559 891 2627 Doctor
912 2562 1120 2627 concordaret
1149 2583 1276 2628 mecum

226 2662 268 2728 de
299 2662 548 2740 universalibus,
572 2667 613 2728 ut
636 2663 765 2748 patebit
784 2663 821 2727 in
847 2668 992 2729 tractatu
1026 2685 1147 2729 eornm.
1193 2664 1277 2730 Dico

225 2763 329 2850 igitur
357 2785 416 2850 pro
445 2765 598 2851 praesenti
638 2765 726 2850 quod
763 2764 951 2829 differenter
988 2764 1110 2830 dicitur
1150 2765 1276 2851 aliquid

225 2865 351 2951 reliquo
372 2864 479 2950 majus
496 2871 556 2931 aut
577 2866 667 2952 prius
691 2866 898 2944 nrbstantia3
924 2869 984 2931 aut
1012 2866 1190 2952 prioritate,
1217 2873 1278 2933 aut

226 2966 416 3052 majoritate
452 2967 682 3054 generationis,
714 2968 760 3031 sic
790 2962 878 3053 quod
907 2972 1028 3032 natura
1057 2989 1156 3053 agens
1186 2968 1276 3054 priua

226 3069 364 3154 requirit
413 3067 495 3133 illud
539 3069 591 3134 uti
634 3069 830 3134 elementum
868 3069 1168 3157 praesuppositum3
1212 3069 1275 3145 vel,

226 3171 376 3247 secundo,
404 3170 590 3256 majoritate
620 3178 679 3235 aut
708 3170 878 3256 prioritate
907 3169 1120 3256 perfectionis
1166 3170 1276 3236 Primo

225 3273 324 3337 modo
346 3273 498 3359 materia¹
515 3279 565 3338 est
591 3273 695 3358 magis
725 3271 911 3336 substantia
940 3291 1039 3357 quam
1064 3272 1188 3350 forma;
1217 3278 1277 3337 ant

226 3373 416 3460 compositio
446 3380 481 3439 et
521 3374 694 3438 dividuum
731 3373 821 3458 prius
859 3393 958 3458 quam
987 3393 1084 3438 suurn
1120 3373 1275 3460 superius

227 3475 377 3540 Secundo
416 3474 513 3539 modo
552 3480 601 3539 est
639 3497 658 3539 e
695 3482 826 3551 eontra3
866 3494 941 3538 curn
978 3474 1083 3539 forma
1120 3474 1164 3539 eit
1200 3475 1276 3540 finis

225 3577 380 3651 materiae,
413 3582 446 3640 et
483 3575 675 3663 compositio
711 3573 786 3640 finis
822 3573 930 3660 gratia
967 3573 1058 3660 cujus
1095 3582 1174 3642 sunt
1211 3578 1276 3642 duo

226 3677 336 3763 priora
365 3676 548 3757 elementa3
576 3678 662 3743 sicut
692 3677 800 3764 gratia
819 3677 937 3764 speciei
967 3678 1134 3744 salvandae
1157 3679 1277 3765 princi·

226 3779 333 3864 polius
370 3801 391 3843 a
427 3783 548 3844 natura
584 3777 724 3844 intenta¹
750 3784 828 3844 sunt
872 3780 1052 3857 individua,
1098 3781 1276 3846 secundum

225 3875 440 3967 philosophos.
498 3880 648 3946 Ulterius
685 3880 805 3946 dicitur
843 3881 931 3967 quod
978 3881 1054 3946 licet
1100 3882 1184 3948 illud
1232 3883 1276 3948 sit

226 3983 412 4067 exemplum
444 3982 599 4047 inducens
628 3982 758 4048 fidelem
780 3983 822 4047 ad
853 3981 1049 4048 credendum
1081 3984 1276 4050 Trinitatem

227 4083 373 4161 Beatam,
406 4089 518 4148 tamen
549 4105 590 4147 ex
622 4084 686 4148 alio
720 4084 823 4148 latere
860 4090 911 4148 est
942 4105 1062 4170 magna
1093 4085 1274 4164 diversitas,

227 4206 269 4249 ex
301 4207 368 4269 qua
401 4184 485 4249 male
511 4183 731 4270 intelligentes
762 4187 899 4270 possunt
930 4206 1043 4271 capere
1077 4187 1275 4254 occasionem

226 4286 357 4352 errandi
388 4309 430 4353 ex
452 4309 512 4351 sua
533 4285 707 4372 imperitia,
731 4307 797 4352 non
820 4308 862 4351 ex
884 4287 1049 4352 occasione
1081 4288 1274 4356 ministrata.

612 4643 619 4677 ¹
632 4641 737 4712 tamea]
754 4646 822 4708 laete,
835 4643 892 4697 tiss
