3158 5490
337 717 403 781 390
651 726 829 778 sirmeum
852 724 1077 779 zmsurosms
1172 772 1185 794 ,

337 917 484 981 libe1tuti
522 916 692 1002 evangelii,
733 922 767 983 et
802 915 988 1003 impediunt
1021 913 1171 981 homines
1202 914 1396 979 christianos

336 1017 417 1083 seim
445 1023 479 1082 et
504 1040 634 1084 servare
658 1019 741 1085 illud
767 1019 803 1084 in
823 1020 987 1096 libertate,
1015 1025 1049 1084 et
1075 1018 1122 1084 sic
1153 1016 1300 1084 faciliter
1329 1037 1397 1104 pm·

337 1121 449 1186 venire
471 1121 515 1186 cd
537 1120 663 1187 ooelum

382 1226 411 1287 4.
436 1222 523 1289 Item
544 1225 632 1310 quod
653 1224 728 1290 laici
748 1231 885 1312 possunt
905 1224 1052 1312 legitime
1073 1222 1269 1289 ministrum
1288 1221 1397 1289 omnia

336 1332 540 1391 sacramento
569 1328 749 1393 neoessuriu
778 1328 822 1394 ud
853 1328 1002 1406 sulutem,
1039 1334 1080 1393 ut
1114 1326 1333 1414 baptismum,
1362 1330 1396 1390 et

336 1429 608 1514 praedicutionem,
648 1435 682 1495 et
714 1430 969 1507 matrimonium,
1003 1435 1038 1495 et
1072 1429 1182 1495 mults
1215 1428 1293 1495 alis.
1352 1426 1395 1492 Et

336 1532 406 1597 sine
436 1539 639 1598 sacramento
677 1533 869 1611 chrismatis,
908 1533 963 1598 vel
1000 1531 1218 1608 eucharistius,
1260 1535 1394 1618 possunt

336 1634 484 1700 homines
506 1636 590 1701 bene
613 1658 689 1702 csse.

383 1742 411 1802 5.
443 1736 531 1804 Item
555 1739 643 1824 quod
667 1739 853 1826 quicunque
879 1737 1030 1826 religiosi,
1061 1759 1128 1803 non
1156 1735 1317 1804 obstante
1344 1756 1394 1801 oe·

336 1841 441 1926 pitulo
457 1840 635 1925 Belloioci,
652 1841 693 1906 de
717 1841 911 1928 Privilegiis‚
935 1843 972 1906 in
994 1836 1236 1920 Clementinis‚¹
1260 1845 1393 1926 possunt

336 1944 424 2008 licite
447 1945 635 2009 ministrare
659 1945 769 2009 omnia
793 1950 998 2009 sacramente
1021 1943 1087 2007 illis
1108 1943 1168 2027 qui
1195 1942 1293 2028 digni
1317 1947 1391 2006 sunt

336 2045 394 2109 illu
429 2047 576 2133 recipcre,
613 2070 687 2113 cum
717 2047 778 2113 hoc
816 2047 861 2112 sit
893 2069 973 2134 opus
1003 2045 1160 2122 caritatis,
1194 2066 1299 2130 quum
1328 2043 1392 2109 soln

336 2148 489 2213 voluntus
521 2157 555 2214 ct
587 2151 751 2215 ordinatio
783 2172 876 2237 papae
907 2155 942 2215 ct
975 2170 1108 2215 suorum
1130 2147 1305 2213 fautorum
1334 2147 1392 2211 im·

335 2251 427 2335 pedit
450 2251 485 2314 in
507 2251 569 2316 hoc
591 2273 674 2318 uisu

381 2356 409 2418 6.
442 2353 529 2418 Item
552 2356 641 2440 quod
664 2356 692 2420 si
715 2376 800 2443 papa
825 2362 961 2443 poneret
985 2354 1200 2421 urterdictum
1227 2352 1265 2418 in
1296 2373 1390 2441 regno

335 2461 454 2534 nostro,
479 2478 546 2522 non
570 2464 678 2544 posset
702 2459 797 2524 nobis
818 2481 941 2535 nocere,
966 2459 1024 2524 sed
1049 2457 1194 2522 multum
1219 2456 1390 2543 prodesse:

336 2559 414 2644 quiu
444 2582 501 2646 pcr
527 2560 588 2625 hoc
612 2561 781 2626 alleviaret
811 2583 869 2626 nos
896 2585 918 2626 u
944 2560 1125 2626 maledictis
1155 2558 1289 2645 legibus
1319 2557 1390 2634 suis,

336 2669 370 2727 ct
406 2686 426 2726 u
464 2663 650 2749 sumptibus
688 2665 895 2730 sustentandi
935 2670 987 2730 tot
1028 2662 1133 2727 millia
1172 2661 1391 2727 mundialium

337 2766 549 2843 sacerdotum,
583 2767 626 2831 ud
657 2767 891 2853 garrulandum
925 2788 1020 2832 usum
1051 2765 1179 2840 Sarum,
1209 2771 1245 2830 et
1271 2786 1392 2831 novum

336 2874 469 2933 cantum
492 2869 562 2932 sine
586 2869 767 2935 devotione.

381 2969 410 3039 7.
443 2971 529 3036 Item
558 2973 645 3055 quod
672 2994 738 3037 non
764 2971 921 3058 quicquid
951 2993 1036 3059 papo
1062 2992 1136 3036 cum
1163 2990 1226 3035 suo
1248 2968 1392 3057 generali

336 3074 471 3138 concilio
502 3074 624 3160 ligat
615 3097 651 3138 m
681 3076 784 3151 terris,
817 3076 956 3161 ligatum
984 3080 1034 3139 cst
1064 3097 1085 3139 a
1115 3072 1230 3137 Deo
1221 3095 1257 3136 m
1291 3073 1394 3150 coelo;

336 3176 390 3241 vel
427 3175 517 3241 Deus
558 3177 641 3263 ligat
679 3178 919 3254 irrationaliter,
957 3183 991 3242 ct
1026 3176 1282 3241 contrudictorie
1324 3177 1393 3262 agit

335 3283 449 3345 contra
471 3279 633 3366 seipsum·
667 3280 721 3346 vel
742 3281 830 3365 quod
853 3302 940 3367 papo
964 3279 1104 3345 destruit
1130 3277 1300 3363 judicium
1323 3278 1393 3344 Dei

838 3543 876 3610 V.

166 3693 295 3749 Astothe
379 3695 430 3762 De
452 3695 684 3782 predicatione
708 3695 869 3781 evangelii
893 3692 981 3769 dicit,

165 3765 283 3825 precetur
257 3781 302 3832 mg

164 3833 194 3881 ot
202 3833 243 3882 thc

381 3803 407 3862 1.
441 3800 536 3878 Quod
566 3799 752 3885 quicunque
782 3798 904 3884 recepit
934 3794 1074 3862 officium
1108 3796 1298 3877 sucerdotis,
1340 3794 1390 3864 vel

166 3903 266 3968 Gospel.
334 3901 480 3987 episcopi,
512 3908 546 3967 et
571 3902 654 3966 illud
684 3922 750 3966 non
781 3900 897 3985 implet
927 3899 1074 3987 exemplo
1105 3899 1200 3966 bonu)
1227 3900 1322 3979 vitae,
1354 3923 1391 3966 uc

332 4005 433 4069 etium
458 4004 546 4069 fideli
574 4009 608 4069 et
634 4004 737 4068 libera
762 4002 993 4089 pmdioatione
1020 4002 1190 4089 evangelii,
1224 4009 1278 4068 est
1305 4004 1390 4069 latro

331 4107 630 4171 excommunicatus
653 4128 674 4170 a
697 4106 776 4182 Deo,
800 4112 835 4171 et
857 4127 878 4169 u
900 4110 1013 4171 sancta
1033 4105 1183 4170 ecclcsiae.
1231 4105 1280 4170 Et
1299 4105 1389 4192 quod

330 4210 358 4273 si
384 4210 489 4275 curati
518 4231 585 4274 non
614 4210 793 4295 praedicent
823 4208 962 4272 verbum
993 4206 1067 4285 Dei,
1099 4211 1196 4272 sumt
1227 4207 1389 4285 damuati,

330 4317 364 4376 et
393 4313 421 4377 si
450 4313 601 4377 nesciunt
627 4312 811 4398 praedicurc,
845 4311 968 4376 debent
998 4310 1163 4397 resignare
1193 4308 1363 4378 beneficio.

647 4684 654 4715 ¹
667 4684 788 4737 clement.
801 4684 842 4737 lib.
855 4697 881 4738 r.
892 4683 930 4736 tit.
945 4686 968 4748 7,
980 4696 1033 4750 cup
1048 4686 1070 4734 1.
