<?xml version="1.0" encoding="UTF-8"?>
<!DOCTYPE html PUBLIC "-//W3C//DTD XHTML 1.0 Transitional//EN"
    "http://www.w3.org/TR/xhtml1/DTD/xhtml1-transitional.dtd">
<html xmlns="http://www.w3.org/1999/xhtml" xml:lang="en" lang="en">
 <head>
  <title>
</title>
<meta http-equiv="Content-Type" content="text/html;charset=utf-8" />
  <meta name='ocr-system' content='tesseract 3.04.00' />
  <meta name='ocr-capabilities' content='ocr_page ocr_carea ocr_par ocr_line ocrx_word'/>
</head>
<body>
  <div class='ocr_page' id='page_1' title='image "./fasciculizizani00nettgoog_0434.png"; bbox 0 0 3008 5490; ppageno 0'>
   <div class='ocr_carea' id='block_1_1' title="bbox 391 721 1199 789">
    <p class='ocr_par' dir='ltr' id='par_1_1' title="bbox 391 721 1199 789">
     <span class='ocr_line' id='line_1_1' title="bbox 391 721 1199 789; baseline -0.005 -2"><span class='ocrx_word' id='word_1_1' title='bbox 391 728 398 739; x_wconf 93' lang='grc'><em>·</em></span> <span class='ocrx_word' id='word_1_2' title='bbox 457 738 645 789; x_wconf 70' lang='lat' dir='ltr'><strong>Jssclcuu</strong></span> <span class='ocrx_word' id='word_1_3' title='bbox 667 737 890 789; x_wconf 72' lang='lat' dir='ltr'><strong>amasionum</strong></span> <span class='ocrx_word' id='word_1_4' title='bbox 1129 721 1199 785; x_wconf 76' lang='lat'><strong>&#39;335</strong></span> 
     </span>
    </p>
   </div>
   <div class='ocr_carea' id='block_1_2' title="bbox 146 918 1377 4066">
    <p class='ocr_par' dir='ltr' id='par_1_2' title="bbox 146 918 1256 2127">
     <span class='ocr_line' id='line_1_2' title="bbox 155 918 1202 1009; baseline -0.001 -22"><span class='ocrx_word' id='word_1_5' title='bbox 155 918 358 987; x_wconf 68' lang='lat' dir='ltr'><strong>willelmum</strong></span> <span class='ocrx_word' id='word_1_6' title='bbox 387 924 430 987; x_wconf 88' lang='lat' dir='ltr'><strong>ad</strong></span> <span class='ocrx_word' id='word_1_7' title='bbox 460 923 705 989; x_wconf 88' lang='lat' dir='ltr'><strong>deliberandum</strong></span> <span class='ocrx_word' id='word_1_8' title='bbox 736 944 832 1009; x_wconf 92' lang='lat' dir='ltr'><strong>snper</strong></span> <span class='ocrx_word' id='word_1_9' title='bbox 861 921 1128 996; x_wconf 85' lang='lat' dir='ltr'><strong>conclusionibus,</strong></span> <span class='ocrx_word' id='word_1_10' title='bbox 1167 926 1202 986; x_wconf 86' lang='lat' dir='ltr'><strong>et</strong></span> 
     </span>
     <span class='ocr_line' id='line_1_3' title="bbox 150 1014 1201 1111; baseline -0.003 -22"><span class='ocrx_word' id='word_1_11' title='bbox 150 1014 342 1111; x_wconf 68' lang='lat' dir='ltr'><strong>hnjmmodi</strong></span> <span class='ocrx_word' id='word_1_12' title='bbox 356 1024 509 1101; x_wconf 83' lang='lat' dir='ltr'><strong>articulis,</strong></span> <span class='ocrx_word' id='word_1_13' title='bbox 531 1031 566 1090; x_wconf 94' lang='lat' dir='ltr'><strong>et</strong></span> <span class='ocrx_word' id='word_1_14' title='bbox 587 1025 631 1090; x_wconf 87' lang='lat' dir='ltr'><strong>ad</strong></span> <span class='ocrx_word' id='word_1_15' title='bbox 652 1024 912 1111; x_wconf 83' lang='lat' dir='ltr'><strong>respondendum</strong></span> <span class='ocrx_word' id='word_1_16' title='bbox 935 1024 1076 1089; x_wconf 90' lang='lat' dir='ltr'><strong>eisdem:</strong></span> <span class='ocrx_word' id='word_1_17' title='bbox 1102 1022 1201 1087; x_wconf 89' lang='lat' dir='ltr'><strong>iidem</strong></span> 
     </span>
     <span class='ocr_line' id='line_1_4' title="bbox 146 1126 1202 1213; baseline -0.004 -20"><span class='ocrx_word' id='word_1_18' title='bbox 146 1126 366 1193; x_wconf 77' lang='lat' dir='ltr'><strong>mmissarii</strong></span> <span class='ocrx_word' id='word_1_19' title='bbox 399 1127 576 1191; x_wconf 86' lang='lat' dir='ltr'><strong>terminum</strong></span> <span class='ocrx_word' id='word_1_20' title='bbox 616 1127 805 1213; x_wconf 89' lang='lat' dir='ltr'><strong>hujusmodi</strong></span> <span class='ocrx_word' id='word_1_21' title='bbox 834 1126 1048 1211; x_wconf 85' lang='lat' dir='ltr'><strong>praefixerunt</strong></span> <span class='ocrx_word' id='word_1_22' title='bbox 1076 1148 1202 1210; x_wconf 86' lang='lat' dir='ltr'><strong>compe-</strong></span> 
     </span>
     <span class='ocr_line' id='line_1_5' title="bbox 149 1225 1201 1314; baseline -0.003 -21"><span class='ocrx_word' id='word_1_23' title='bbox 149 1225 301 1305; x_wconf 64' lang='lat' dir='ltr'><strong>tentem)</strong></span> <span class='ocrx_word' id='word_1_24' title='bbox 324 1228 360 1292; x_wconf 91' lang='lat' dir='ltr'><strong>in</strong></span> <span class='ocrx_word' id='word_1_25' title='bbox 384 1249 449 1314; x_wconf 92' lang='lat' dir='ltr'><strong>quc</strong></span> <span class='ocrx_word' id='word_1_26' title='bbox 474 1235 683 1314; x_wconf 76' lang='lat' dir='ltr'><strong>comparente</strong></span> <span class='ocrx_word' id='word_1_27' title='bbox 707 1229 795 1292; x_wconf 89' lang='lat' dir='ltr'><strong>dicto</strong></span> <span class='ocrx_word' id='word_1_28' title='bbox 818 1228 982 1293; x_wconf 90' lang='lat' dir='ltr'><strong>Willelmo</strong></span> <span class='ocrx_word' id='word_1_29' title='bbox 1008 1250 1116 1292; x_wconf 89' lang='lat' dir='ltr'><strong>coram</strong></span> <span class='ocrx_word' id='word_1_30' title='bbox 1146 1227 1201 1304; x_wconf 89' lang='lat' dir='ltr'><strong>eis,</strong></span> 
     </span>
     <span class='ocr_line' id='line_1_6' title="bbox 146 1329 1203 1415; baseline -0.003 -20"><span class='ocrx_word' id='word_1_31' title='bbox 146 1348 192 1395; x_wconf 74' lang='grc' dir='ltr'><strong>ιο</strong></span> <span class='ocrx_word' id='word_1_32' title='bbox 218 1329 337 1395; x_wconf 82' lang='lat' dir='ltr'><strong>&#39;medic</strong></span> <span class='ocrx_word' id='word_1_33' title='bbox 367 1350 426 1395; x_wconf 89' lang='lat' dir='ltr'><strong>suc</strong></span> <span class='ocrx_word' id='word_1_34' title='bbox 458 1330 656 1414; x_wconf 87' lang='lat' dir='ltr'><strong>juramento,</strong></span> <span class='ocrx_word' id='word_1_35' title='bbox 695 1350 848 1415; x_wconf 72' lang='lat' dir='ltr'><strong>respunso</strong></span> <span class='ocrx_word' id='word_1_36' title='bbox 885 1329 1143 1394; x_wconf 77' lang='lat' dir='ltr'><strong>conclusionibus</strong></span> <span class='ocrx_word' id='word_1_37' title='bbox 1169 1334 1203 1392; x_wconf 93' lang='lat' dir='ltr'><strong>et</strong></span> 
     </span>
     <span class='ocr_line' id='line_1_7' title="bbox 146 1430 1203 1517; baseline -0.003 -20"><span class='ocrx_word' id='word_1_38' title='bbox 146 1430 301 1497; x_wconf 64' lang='lat' dir='ltr'><strong>uticulis</strong></span> <span class='ocrx_word' id='word_1_39' title='bbox 327 1431 509 1508; x_wconf 89' lang='lat' dir='ltr'><strong>antedictis,</strong></span> <span class='ocrx_word' id='word_1_40' title='bbox 537 1432 647 1517; x_wconf 91' lang='lat' dir='ltr'><strong>eisque</strong></span> <span class='ocrx_word' id='word_1_41' title='bbox 673 1453 732 1517; x_wconf 89' lang='lat' dir='ltr'><strong>per</strong></span> <span class='ocrx_word' id='word_1_42' title='bbox 770 1452 844 1495; x_wconf 92' lang='lat' dir='ltr'><strong>eum</strong></span> <span class='ocrx_word' id='word_1_43' title='bbox 875 1431 1008 1496; x_wconf 89' lang='lat' dir='ltr'><strong>omnino</strong></span> <span class='ocrx_word' id='word_1_44' title='bbox 1053 1430 1203 1516; x_wconf 83' lang='lat' dir='ltr'><strong>negatis3</strong></span> 
     </span>
     <span class='ocr_line' id='line_1_8' title="bbox 147 1531 1205 1618; baseline -0.004 -20"><span class='ocrx_word' id='word_1_45' title='bbox 147 1550 229 1599; x_wconf 75' lang='lat' dir='ltr'><strong>mm</strong></span> <span class='ocrx_word' id='word_1_46' title='bbox 252 1538 369 1599; x_wconf 80' lang='lat' dir='ltr'><strong>contra</strong></span> <span class='ocrx_word' id='word_1_47' title='bbox 391 1555 466 1597; x_wconf 93' lang='lat' dir='ltr'><strong>eum</strong></span> <span class='ocrx_word' id='word_1_48' title='bbox 498 1533 673 1598; x_wconf 86' lang='lat' dir='ltr'><strong>vehemens</strong></span> <span class='ocrx_word' id='word_1_49' title='bbox 697 1532 785 1597; x_wconf 86' lang='lat' dir='ltr'><strong>fama</strong></span> <span class='ocrx_word' id='word_1_50' title='bbox 816 1554 912 1618; x_wconf 88' lang='lat' dir='ltr'><strong>super</strong></span> <span class='ocrx_word' id='word_1_51' title='bbox 937 1532 989 1596; x_wconf 87' lang='lat' dir='ltr'><strong>his</strong></span> <span class='ocrx_word' id='word_1_52' title='bbox 1014 1531 1205 1608; x_wconf 89' lang='lat' dir='ltr'><strong>laboraret;</strong></span> 
     </span>
     <span class='ocr_line' id='line_1_9' title="bbox 149 1631 1205 1701; baseline -0.007 0"><span class='ocrx_word' id='word_1_53' title='bbox 149 1632 366 1701; x_wconf 70' lang='lat' dir='ltr'><strong>mmmiaearii</strong></span> <span class='ocrx_word' id='word_1_54' title='bbox 403 1635 508 1700; x_wconf 83' lang='lat' dir='ltr'><strong>nostri</strong></span> <span class='ocrx_word' id='word_1_55' title='bbox 544 1635 701 1700; x_wconf 70' lang='lat' dir='ltr'><strong>antedicti</strong></span> <span class='ocrx_word' id='word_1_56' title='bbox 740 1633 845 1699; x_wconf 91' lang='lat' dir='ltr'><strong>eidem</strong></span> <span class='ocrx_word' id='word_1_57' title='bbox 875 1633 1040 1698; x_wconf 89' lang='lat' dir='ltr'><strong>Willelmo</strong></span> <span class='ocrx_word' id='word_1_58' title='bbox 1075 1631 1205 1696; x_wconf 89' lang='lat' dir='ltr'><strong>canoni-</strong></span> 
     </span>
     <span class='ocr_line' id='line_1_10' title="bbox 148 1731 1256 1823; baseline -0.007 -20"><span class='ocrx_word' id='word_1_59' title='bbox 148 1754 228 1803; x_wconf 68' lang='lat' dir='ltr'><strong>nm</strong></span> <span class='ocrx_word' id='word_1_60' title='bbox 246 1756 344 1822; x_wconf 86' lang='lat' dir='ltr'><strong>super</strong></span> <span class='ocrx_word' id='word_1_61' title='bbox 366 1736 418 1801; x_wconf 89' lang='lat' dir='ltr'><strong>his</strong></span> <span class='ocrx_word' id='word_1_62' title='bbox 442 1737 669 1823; x_wconf 85' lang='lat' dir='ltr'><strong>purgationem</strong></span> <span class='ocrx_word' id='word_1_63' title='bbox 691 1736 906 1814; x_wconf 82' lang='lat' dir='ltr'><strong>indixenmt;</strong></span> <span class='ocrx_word' id='word_1_64' title='bbox 938 1735 1058 1798; x_wconf 92' lang='lat' dir='ltr'><strong>iterum</strong></span> <span class='ocrx_word' id='word_1_65' title='bbox 1081 1731 1206 1796; x_wconf 86' lang='lat' dir='ltr'><strong>adhoc</strong></span> <span class='ocrx_word' id='word_1_66' title='bbox 1252 1772 1256 1778; x_wconf 95' lang='lat'>-</span> 
     </span>
     <span class='ocr_line' id='line_1_11' title="bbox 150 1834 1206 1922; baseline -0.007 -19"><span class='ocrx_word' id='word_1_67' title='bbox 150 1834 244 1903; x_wconf 78' lang='lat' dir='ltr'><strong>diem</strong></span> <span class='ocrx_word' id='word_1_68' title='bbox 268 1842 459 1914; x_wconf 68' lang='lat' dir='ltr'><strong>statuentes,</strong></span> <span class='ocrx_word' id='word_1_69' title='bbox 487 1845 522 1903; x_wconf 88' lang='lat' dir='ltr'><strong>ct</strong></span> <span class='ocrx_word' id='word_1_70' title='bbox 544 1839 660 1916; x_wconf 91' lang='lat' dir='ltr'><strong>locum,</strong></span> <span class='ocrx_word' id='word_1_71' title='bbox 688 1837 780 1902; x_wconf 87' lang='lat' dir='ltr'><strong>salvo</strong></span> <span class='ocrx_word' id='word_1_72' title='bbox 805 1836 881 1922; x_wconf 88' lang='lat' dir='ltr'><strong>jure</strong></span> <span class='ocrx_word' id='word_1_73' title='bbox 911 1835 1061 1922; x_wconf 86' lang='lat' dir='ltr'><strong>prosequi</strong></span> <span class='ocrx_word' id='word_1_74' title='bbox 1093 1834 1206 1898; x_wconf 90' lang='lat' dir='ltr'><strong>volen-</strong></span> 
     </span>
     <span class='ocr_line' id='line_1_12' title="bbox 147 1935 1205 2025; baseline -0.005 -20"><span class='ocrx_word' id='word_1_75' title='bbox 147 1938 243 2005; x_wconf 73' lang='lat' dir='ltr'><strong>uam</strong></span> <span class='ocrx_word' id='word_1_76' title='bbox 264 1960 361 2025; x_wconf 89' lang='lat' dir='ltr'><strong>super</strong></span> <span class='ocrx_word' id='word_1_77' title='bbox 384 1940 566 2025; x_wconf 85' lang='lat' dir='ltr'><strong>praemissis,</strong></span> <span class='ocrx_word' id='word_1_78' title='bbox 595 1945 629 2004; x_wconf 91' lang='lat' dir='ltr'><strong>et</strong></span> <span class='ocrx_word' id='word_1_79' title='bbox 655 1939 752 2004; x_wconf 90' lang='lat' dir='ltr'><strong>simul</strong></span> <span class='ocrx_word' id='word_1_80' title='bbox 777 1959 937 2024; x_wconf 89' lang='lat' dir='ltr'><strong>opponere</strong></span> <span class='ocrx_word' id='word_1_81' title='bbox 963 1935 1205 2003; x_wconf 88' lang='lat' dir='ltr'><strong>intendentium</strong></span> 
     </span>
     <span class='ocr_line' id='line_1_13' title="bbox 149 2041 771 2127; baseline -0.005 -20"><span class='ocrx_word' id='word_1_82' title='bbox 149 2044 270 2107; x_wconf 76' lang='lat' dir='ltr'><strong>contre</strong></span> <span class='ocrx_word' id='word_1_83' title='bbox 291 2041 520 2127; x_wconf 79' lang='lat' dir='ltr'><strong>purgationem</strong></span> <span class='ocrx_word' id='word_1_84' title='bbox 542 2041 771 2127; x_wconf 87' lang='lat' dir='ltr'><strong>supradictam.</strong></span> 
     </span>
    </p>

    <p class='ocr_par' dir='ltr' id='par_1_3' title="bbox 148 2140 1208 2938">
     <span class='ocr_line' id='line_1_14' title="bbox 192 2140 1206 2230; baseline -0.002 -24"><span class='ocrx_word' id='word_1_85' title='bbox 192 2140 322 2223; x_wconf 79' lang='lat' dir='ltr'><strong>Quibus</strong></span> <span class='ocrx_word' id='word_1_86' title='bbox 351 2143 387 2206; x_wconf 92' lang='lat' dir='ltr'><strong>in</strong></span> <span class='ocrx_word' id='word_1_87' title='bbox 415 2164 533 2230; x_wconf 84' lang='lat' dir='ltr'><strong>genere</strong></span> <span class='ocrx_word' id='word_1_88' title='bbox 574 2143 697 2208; x_wconf 88' lang='lat' dir='ltr'><strong>vocatis</strong></span> <span class='ocrx_word' id='word_1_89' title='bbox 728 2148 762 2207; x_wconf 91' lang='lat' dir='ltr'><strong>et</strong></span> <span class='ocrx_word' id='word_1_90' title='bbox 791 2141 1002 2228; x_wconf 84' lang='lat' dir='ltr'><strong>praemunitis,</strong></span> <span class='ocrx_word' id='word_1_91' title='bbox 1039 2160 1206 2227; x_wconf 88' lang='lat' dir='ltr'><strong>comparu-</strong></span> 
     </span>
     <span class='ocr_line' id='line_1_15' title="bbox 150 2242 1206 2329; baseline -0.005 -20"><span class='ocrx_word' id='word_1_92' title='bbox 150 2248 255 2309; x_wconf 84' lang='lat' dir='ltr'><strong>erant</strong></span> <span class='ocrx_word' id='word_1_93' title='bbox 279 2242 480 2329; x_wconf 85' lang='lat' dir='ltr'><strong>judicialiter</strong></span> <span class='ocrx_word' id='word_1_94' title='bbox 509 2266 617 2309; x_wconf 90' lang='lat' dir='ltr'><strong>coram</strong></span> <span class='ocrx_word' id='word_1_95' title='bbox 649 2244 876 2308; x_wconf 81' lang='lat' dir='ltr'><strong>commissoriis</strong></span> <span class='ocrx_word' id='word_1_96' title='bbox 906 2242 1079 2308; x_wconf 80' lang='lat' dir='ltr'><strong>antedictis</strong></span> <span class='ocrx_word' id='word_1_97' title='bbox 1116 2263 1206 2306; x_wconf 88' lang='lat' dir='ltr'><strong>reve-</strong></span> 
     </span>
     <span class='ocr_line' id='line_1_16' title="bbox 148 2342 1206 2431; baseline -0.005 -20"><span class='ocrx_word' id='word_1_98' title='bbox 148 2344 252 2411; x_wconf 80' lang='lat' dir='ltr'><strong>rendi</strong></span> <span class='ocrx_word' id='word_1_99' title='bbox 281 2345 483 2411; x_wconf 86' lang='lat' dir='ltr'><strong>discretionis</strong></span> <span class='ocrx_word' id='word_1_100' title='bbox 512 2346 577 2411; x_wconf 91' lang='lat' dir='ltr'><strong>viri</strong></span> <span class='ocrx_word' id='word_1_101' title='bbox 608 2345 725 2409; x_wconf 86' lang='lat' dir='ltr'><strong>fratres</strong></span> <span class='ocrx_word' id='word_1_102' title='bbox 756 2345 902 2431; x_wconf 81' lang='lat' dir='ltr'><strong>Rogerus</strong></span> <span class='ocrx_word' id='word_1_103' title='bbox 932 2345 973 2409; x_wconf 89' lang='lat' dir='ltr'><strong>de</strong></span> <span class='ocrx_word' id='word_1_104' title='bbox 1004 2342 1135 2428; x_wconf 85' lang='lat' dir='ltr'><strong>Frysby</strong></span> <span class='ocrx_word' id='word_1_105' title='bbox 1166 2343 1206 2407; x_wconf 89' lang='lat' dir='ltr'><strong>de</strong></span> 
     </span>
     <span class='ocr_line' id='line_1_17' title="bbox 150 2444 1207 2530; baseline -0.009 -15"><span class='ocrx_word' id='word_1_106' title='bbox 150 2446 272 2515; x_wconf 82' lang='lat' dir='ltr'><strong>ordine</strong></span> <span class='ocrx_word' id='word_1_107' title='bbox 309 2446 484 2523; x_wconf 84' lang='lat' dir='ltr'><strong>Minorum,</strong></span> <span class='ocrx_word' id='word_1_108' title='bbox 526 2446 550 2512; x_wconf 86' lang='lat' dir='ltr'>J</span> <span class='ocrx_word' id='word_1_109' title='bbox 552 2446 695 2512; x_wconf 87' lang='lat' dir='ltr'><strong>charmes</strong></span> <span class='ocrx_word' id='word_1_110' title='bbox 736 2446 777 2511; x_wconf 91' lang='lat' dir='ltr'><strong>de</strong></span> <span class='ocrx_word' id='word_1_111' title='bbox 818 2445 984 2530; x_wconf 90' lang='lat' dir='ltr'><strong>Hunchay</strong></span> <span class='ocrx_word' id='word_1_112' title='bbox 1017 2444 1057 2508; x_wconf 89' lang='lat' dir='ltr'><strong>de</strong></span> <span class='ocrx_word' id='word_1_113' title='bbox 1095 2444 1207 2508; x_wconf 92' lang='lat' dir='ltr'><strong>ordine</strong></span> 
     </span>
     <span class='ocr_line' id='line_1_18' title="bbox 150 2544 1206 2635; baseline -0.007 -20"><span class='ocrx_word' id='word_1_114' title='bbox 150 2544 459 2635; x_wconf 73' lang='lat' dir='ltr'><strong>Augustineusium,</strong></span> <span class='ocrx_word' id='word_1_115' title='bbox 495 2555 529 2614; x_wconf 87' lang='lat' dir='ltr'><strong>et</strong></span> <span class='ocrx_word' id='word_1_116' title='bbox 562 2548 703 2613; x_wconf 88' lang='lat' dir='ltr'><strong>Thomas</strong></span> <span class='ocrx_word' id='word_1_117' title='bbox 738 2548 778 2612; x_wconf 91' lang='lat' dir='ltr'><strong>de</strong></span> <span class='ocrx_word' id='word_1_118' title='bbox 810 2547 988 2612; x_wconf 87' lang='lat' dir='ltr'><strong>Blakstone</strong></span> <span class='ocrx_word' id='word_1_119' title='bbox 1024 2546 1064 2610; x_wconf 90' lang='lat' dir='ltr'><strong>de</strong></span> <span class='ocrx_word' id='word_1_120' title='bbox 1094 2545 1206 2610; x_wconf 90' lang='lat' dir='ltr'><strong>ordine</strong></span> 
     </span>
     <span class='ocr_line' id='line_1_19' title="bbox 151 2648 1207 2736; baseline -0.008 -19"><span class='ocrx_word' id='word_1_121' title='bbox 151 2648 423 2728; x_wconf 70' lang='lat' dir='ltr'><strong>Pmdicatorum,</strong></span> <span class='ocrx_word' id='word_1_122' title='bbox 471 2672 569 2715; x_wconf 82' lang='lat' dir='ltr'><strong>sacrae</strong></span> <span class='ocrx_word' id='word_1_123' title='bbox 610 2651 739 2736; x_wconf 72' lang='lat' dir='ltr'><strong>paginae</strong></span> <span class='ocrx_word' id='word_1_124' title='bbox 785 2649 985 2734; x_wconf 87' lang='lat' dir='ltr'><strong>professores,</strong></span> <span class='ocrx_word' id='word_1_125' title='bbox 1035 2648 1207 2712; x_wconf 87' lang='lat' dir='ltr'><strong>offerentes</strong></span> 
     </span>
     <span class='ocr_line' id='line_1_20' title="bbox 149 2750 1208 2837; baseline -0.008 -18"><span class='ocrx_word' id='word_1_126' title='bbox 149 2772 192 2819; x_wconf 82' lang='lat' dir='ltr'><strong>sc</strong></span> <span class='ocrx_word' id='word_1_127' title='bbox 221 2757 263 2817; x_wconf 90' lang='lat' dir='ltr'><strong>ut</strong></span> <span class='ocrx_word' id='word_1_128' title='bbox 288 2751 536 2816; x_wconf 88' lang='lat' dir='ltr'><strong>denunciatcres</strong></span> <span class='ocrx_word' id='word_1_129' title='bbox 563 2752 606 2815; x_wconf 91' lang='lat' dir='ltr'><strong>ad</strong></span> <span class='ocrx_word' id='word_1_130' title='bbox 632 2751 857 2837; x_wconf 89' lang='lat' dir='ltr'><strong>probationem</strong></span> <span class='ocrx_word' id='word_1_131' title='bbox 887 2750 1127 2837; x_wconf 72' lang='lat' dir='ltr'><strong>praemissorum</strong></span> <span class='ocrx_word' id='word_1_132' title='bbox 1150 2770 1208 2834; x_wconf 89' lang='lat' dir='ltr'><strong>per</strong></span> 
     </span>
     <span class='ocr_line' id='line_1_21' title="bbox 150 2852 733 2938; baseline 0 -21"><span class='ocrx_word' id='word_1_133' title='bbox 150 2852 284 2919; x_wconf 80' lang='lat' dir='ltr'><strong>dictum</strong></span> <span class='ocrx_word' id='word_1_134' title='bbox 309 2852 508 2918; x_wconf 91' lang='lat' dir='ltr'><strong>Willelmum</strong></span> <span class='ocrx_word' id='word_1_135' title='bbox 533 2858 733 2938; x_wconf 88' lang='lat' dir='ltr'><strong>negatorum.</strong></span> 
     </span>
    </p>

    <p class='ocr_par' dir='ltr' id='par_1_4' title="bbox 152 2951 1377 4066">
     <span class='ocr_line' id='line_1_22' title="bbox 203 2951 1208 3039; baseline -0.005 -20"><span class='ocrx_word' id='word_1_136' title='bbox 203 2952 324 3039; x_wconf 82' lang='lat' dir='ltr'><strong>Eisque</strong></span> <span class='ocrx_word' id='word_1_137' title='bbox 349 2955 384 3017; x_wconf 93' lang='lat' dir='ltr'><strong>in</strong></span> <span class='ocrx_word' id='word_1_138' title='bbox 407 2953 512 3018; x_wconf 88' lang='lat' dir='ltr'><strong>forma</strong></span> <span class='ocrx_word' id='word_1_139' title='bbox 536 2954 621 3038; x_wconf 86' lang='lat' dir='ltr'><strong>juris</strong></span> <span class='ocrx_word' id='word_1_140' title='bbox 644 2955 798 3030; x_wconf 79' lang='lat' dir='ltr'><strong>admissis,</strong></span> <span class='ocrx_word' id='word_1_141' title='bbox 823 2976 861 3018; x_wconf 92' lang='lat' dir='ltr'><strong>ac</strong></span> <span class='ocrx_word' id='word_1_142' title='bbox 882 2954 1021 3019; x_wconf 87' lang='lat' dir='ltr'><strong>testibus</strong></span> <span class='ocrx_word' id='word_1_143' title='bbox 1043 2951 1208 3017; x_wconf 85' lang='lat' dir='ltr'><strong>nonnullis</strong></span> 
     </span>
     <span class='ocr_line' id='line_1_23' title="bbox 152 3055 1208 3143; baseline -0.004 -23"><span class='ocrx_word' id='word_1_144' title='bbox 152 3076 218 3143; x_wconf 86' lang='lat' dir='ltr'><strong>per</strong></span> <span class='ocrx_word' id='word_1_145' title='bbox 239 3077 293 3120; x_wconf 89' lang='lat' dir='ltr'><strong>ecs</strong></span> <span class='ocrx_word' id='word_1_146' title='bbox 321 3055 487 3141; x_wconf 88' lang='lat' dir='ltr'><strong>productis</strong></span> <span class='ocrx_word' id='word_1_147' title='bbox 506 3056 628 3140; x_wconf 87' lang='lat' dir='ltr'><strong>juratis</strong></span> <span class='ocrx_word' id='word_1_148' title='bbox 659 3062 693 3120; x_wconf 85' lang='lat' dir='ltr'><strong>et</strong></span> <span class='ocrx_word' id='word_1_149' title='bbox 722 3056 926 3131; x_wconf 83' lang='lat' dir='ltr'><strong>examinatis,</strong></span> <span class='ocrx_word' id='word_1_150' title='bbox 950 3078 1008 3120; x_wconf 88' lang='lat' dir='ltr'><strong>nos</strong></span> <span class='ocrx_word' id='word_1_151' title='bbox 1042 3077 1109 3119; x_wconf 91' lang='lat' dir='ltr'><strong>una</strong></span> <span class='ocrx_word' id='word_1_152' title='bbox 1134 3076 1208 3118; x_wconf 93' lang='lat' dir='ltr'><strong>cum</strong></span> 
     </span>
     <span class='ocr_line' id='line_1_24' title="bbox 152 3155 1208 3223; baseline -0.005 0"><span class='ocrx_word' id='word_1_153' title='bbox 152 3157 386 3223; x_wconf 86' lang='lat' dir='ltr'><strong>commissariis</strong></span> <span class='ocrx_word' id='word_1_154' title='bbox 418 3157 537 3221; x_wconf 90' lang='lat' dir='ltr'><strong>nostris</strong></span> <span class='ocrx_word' id='word_1_155' title='bbox 560 3159 746 3222; x_wconf 86' lang='lat' dir='ltr'><strong>memoratis</strong></span> <span class='ocrx_word' id='word_1_156' title='bbox 778 3158 813 3221; x_wconf 90' lang='lat' dir='ltr'><strong>in</strong></span> <span class='ocrx_word' id='word_1_157' title='bbox 842 3156 973 3221; x_wconf 64' lang='lat' dir='ltr'><strong>ecelesia</strong></span> <span class='ocrx_word' id='word_1_158' title='bbox 997 3163 1109 3221; x_wconf 87' lang='lat' dir='ltr'><strong>nostra</strong></span> <span class='ocrx_word' id='word_1_159' title='bbox 1132 3155 1208 3218; x_wconf 86' lang='lat' dir='ltr'><strong>Lin-</strong></span> 
     </span>
     <span class='ocr_line' id='line_1_25' title="bbox 153 3257 1207 3345; baseline -0.008 -20"><span class='ocrx_word' id='word_1_160' title='bbox 153 3258 315 3325; x_wconf 90' lang='lat' dir='ltr'><strong>colniensi</strong></span> <span class='ocrx_word' id='word_1_161' title='bbox 348 3258 382 3321; x_wconf 91' lang='lat' dir='ltr'><strong>in</strong></span> <span class='ocrx_word' id='word_1_162' title='bbox 417 3280 514 3322; x_wconf 87' lang='lat' dir='ltr'><strong>causa</strong></span> <span class='ocrx_word' id='word_1_163' title='bbox 547 3257 733 3343; x_wconf 84' lang='lat' dir='ltr'><strong>hujusmodi</strong></span> <span class='ocrx_word' id='word_1_164' title='bbox 770 3281 828 3345; x_wconf 89' lang='lat' dir='ltr'><strong>pro</strong></span> <span class='ocrx_word' id='word_1_165' title='bbox 863 3257 1021 3323; x_wconf 84' lang='lat' dir='ltr'><strong>tribunali</strong></span> <span class='ocrx_word' id='word_1_166' title='bbox 1052 3258 1207 3331; x_wconf 86' lang='lat' dir='ltr'><strong>sedentes,</strong></span> 
     </span>
     <span class='ocr_line' id='line_1_26' title="bbox 153 3358 1208 3445; baseline -0.006 -20"><span class='ocrx_word' id='word_1_167' title='bbox 153 3358 204 3425; x_wconf 78' lang='lat' dir='ltr'><strong>ad</strong></span> <span class='ocrx_word' id='word_1_168' title='bbox 248 3359 442 3424; x_wconf 89' lang='lat' dir='ltr'><strong>instantiam</strong></span> <span class='ocrx_word' id='word_1_169' title='bbox 491 3359 631 3424; x_wconf 86' lang='lat' dir='ltr'><strong>fratrum</strong></span> <span class='ocrx_word' id='word_1_170' title='bbox 675 3360 941 3424; x_wconf 88' lang='lat' dir='ltr'><strong>denuntiantium</strong></span> <span class='ocrx_word' id='word_1_171' title='bbox 979 3360 1208 3445; x_wconf 75' lang='lat' dir='ltr'><strong>praedictorum</strong></span> 
     </span>
     <span class='ocr_line' id='line_1_27' title="bbox 152 3458 1209 3547; baseline -0.006 -20"><span class='ocrx_word' id='word_1_172' title='bbox 152 3460 294 3527; x_wconf 80' lang='lat' dir='ltr'><strong>fecimus</strong></span> <span class='ocrx_word' id='word_1_173' title='bbox 328 3462 507 3547; x_wconf 82' lang='lat' dir='ltr'><strong>publicari3</strong></span> <span class='ocrx_word' id='word_1_174' title='bbox 538 3461 656 3545; x_wconf 90' lang='lat' dir='ltr'><strong>eisque,</strong></span> <span class='ocrx_word' id='word_1_175' title='bbox 685 3483 810 3526; x_wconf 90' lang='lat' dir='ltr'><strong>necnon</strong></span> <span class='ocrx_word' id='word_1_176' title='bbox 840 3461 990 3526; x_wconf 91' lang='lat' dir='ltr'><strong>omnibus</strong></span> <span class='ocrx_word' id='word_1_177' title='bbox 1014 3465 1049 3525; x_wconf 89' lang='lat' dir='ltr'><strong>et</strong></span> <span class='ocrx_word' id='word_1_178' title='bbox 1075 3458 1209 3546; x_wconf 86' lang='lat' dir='ltr'><strong>singulis</strong></span> 
     </span>
     <span class='ocr_line' id='line_1_28' title="bbox 154 3561 1210 3648; baseline -0.005 -21"><span class='ocrx_word' id='word_1_179' title='bbox 154 3563 196 3627; x_wconf 91' lang='lat' dir='ltr'><strong>in</strong></span> <span class='ocrx_word' id='word_1_180' title='bbox 226 3583 323 3626; x_wconf 89' lang='lat' dir='ltr'><strong>causa</strong></span> <span class='ocrx_word' id='word_1_181' title='bbox 352 3563 466 3627; x_wconf 86' lang='lat' dir='ltr'><strong>eadem</strong></span> <span class='ocrx_word' id='word_1_182' title='bbox 496 3563 585 3637; x_wconf 83' lang='lat' dir='ltr'><strong>actis,</strong></span> <span class='ocrx_word' id='word_1_183' title='bbox 613 3562 744 3639; x_wconf 85' lang='lat' dir='ltr'><strong>habitis,</strong></span> <span class='ocrx_word' id='word_1_184' title='bbox 777 3567 811 3626; x_wconf 90' lang='lat' dir='ltr'><strong>et</strong></span> <span class='ocrx_word' id='word_1_185' title='bbox 841 3563 1014 3648; x_wconf 87' lang='lat' dir='ltr'><strong>productis,</strong></span> <span class='ocrx_word' id='word_1_186' title='bbox 1046 3561 1132 3636; x_wconf 88' lang='lat' dir='ltr'><strong>visis,</strong></span> <span class='ocrx_word' id='word_1_187' title='bbox 1161 3561 1210 3622; x_wconf 95' lang='lat' dir='ltr'><strong>in-</strong></span> 
     </span>
     <span class='ocr_line' id='line_1_29' title="bbox 155 3662 1209 3749; baseline -0.005 -20"><span class='ocrx_word' id='word_1_188' title='bbox 155 3662 307 3740; x_wconf 87' lang='lat' dir='ltr'><strong>tellectis,</strong></span> <span class='ocrx_word' id='word_1_189' title='bbox 339 3669 372 3728; x_wconf 90' lang='lat' dir='ltr'><strong>et</strong></span> <span class='ocrx_word' id='word_1_190' title='bbox 399 3663 508 3728; x_wconf 89' lang='lat' dir='ltr'><strong>debite</strong></span> <span class='ocrx_word' id='word_1_191' title='bbox 530 3664 705 3742; x_wconf 86' lang='lat' dir='ltr'><strong>recensitis,</strong></span> <span class='ocrx_word' id='word_1_192' title='bbox 730 3663 903 3749; x_wconf 72' lang='lat' dir='ltr'><strong>praefatrnn</strong></span> <span class='ocrx_word' id='word_1_193' title='bbox 920 3663 1120 3728; x_wconf 90' lang='lat' dir='ltr'><strong>Willelmnm</strong></span> <span class='ocrx_word' id='word_1_194' title='bbox 1140 3668 1209 3725; x_wconf 90' lang='lat' dir='ltr'><strong>tam</strong></span> 
     </span>
     <span class='ocr_line' id='line_1_30' title="bbox 155 3764 1211 3852; baseline -0.003 -24"><span class='ocrx_word' id='word_1_195' title='bbox 155 3786 218 3852; x_wconf 89' lang='lat' dir='ltr'><strong>per</strong></span> <span class='ocrx_word' id='word_1_196' title='bbox 237 3765 439 3849; x_wconf 90' lang='lat' dir='ltr'><strong>probationis</strong></span> <span class='ocrx_word' id='word_1_197' title='bbox 461 3765 695 3841; x_wconf 89' lang='lat' dir='ltr'><strong>testimoninm,</strong></span> <span class='ocrx_word' id='word_1_198' title='bbox 719 3787 817 3848; x_wconf 71' lang='lat' dir='ltr'><strong>(luam</strong></span> <span class='ocrx_word' id='word_1_199' title='bbox 838 3765 925 3839; x_wconf 88' lang='lat' dir='ltr'><strong>alias,</strong></span> <span class='ocrx_word' id='word_1_200' title='bbox 943 3764 1088 3851; x_wconf 88' lang='lat' dir='ltr'><strong>legitime</strong></span> <span class='ocrx_word' id='word_1_201' title='bbox 1112 3785 1211 3848; x_wconf 89' lang='lat' dir='ltr'><strong>supra</strong></span> 
     </span>
     <span class='ocr_line' id='line_1_31' title="bbox 155 3865 1377 3952; baseline -0.007 -22"><span class='ocrx_word' id='word_1_202' title='bbox 155 3865 296 3949; x_wconf 77' lang='lat' dir='ltr'><strong>obJ‘ectis</strong></span> <span class='ocrx_word' id='word_1_203' title='bbox 318 3866 389 3941; x_wconf 88' lang='lat' dir='ltr'><strong>sibi,</strong></span> <span class='ocrx_word' id='word_1_204' title='bbox 421 3873 459 3930; x_wconf 97' lang='lat' dir='ltr'><strong>ut</strong></span> <span class='ocrx_word' id='word_1_205' title='bbox 482 3866 703 3950; x_wconf 70' lang='lat' dir='ltr'><strong>praemittitur,</strong></span> <span class='ocrx_word' id='word_1_206' title='bbox 732 3870 766 3929; x_wconf 90' lang='lat' dir='ltr'><strong>et</strong></span> <span class='ocrx_word' id='word_1_207' title='bbox 796 3888 853 3951; x_wconf 85' lang='lat' dir='ltr'><strong>per·</strong></span> <span class='ocrx_word' id='word_1_208' title='bbox 876 3889 949 3930; x_wconf 86' lang='lat' dir='ltr'><strong>curn</strong></span> <span class='ocrx_word' id='word_1_209' title='bbox 980 3867 1107 3952; x_wconf 89' lang='lat' dir='ltr'><strong>negatis</strong></span> <span class='ocrx_word' id='word_1_210' title='bbox 1137 3886 1210 3928; x_wconf 92' lang='lat' dir='ltr'><strong>con·</strong></span> <span class='ocrx_word' id='word_1_211' title='bbox 1221 3886 1307 3935; x_wconf 84' lang='lat' dir='ltr'><strong>buton</strong></span> <span class='ocrx_word' id='word_1_212' title='bbox 1318 3885 1377 3933; x_wconf 76' lang='lat' dir='ltr'><strong>sua·</strong></span> 
     </span>
     <span class='ocr_line' id='line_1_32' title="bbox 156 3950 1377 4066; baseline -0.006 -33"><span class='ocrx_word' id='word_1_213' title='bbox 156 3967 286 4033; x_wconf 85' lang='lat' dir='ltr'><strong>victum</strong></span> <span class='ocrx_word' id='word_1_214' title='bbox 318 3973 505 4052; x_wconf 80' lang='lat' dir='ltr'><strong>reputantes</strong></span> <span class='ocrx_word' id='word_1_215' title='bbox 517 3989 525 4043; x_wconf 88' lang='lat'>;</span> <span class='ocrx_word' id='word_1_216' title='bbox 556 3972 590 4031; x_wconf 89' lang='lat' dir='ltr'><strong>et</strong></span> <span class='ocrx_word' id='word_1_217' title='bbox 616 3967 738 4031; x_wconf 90' lang='lat' dir='ltr'><strong>ibidem</strong></span> <span class='ocrx_word' id='word_1_218' title='bbox 768 3989 788 4029; x_wconf 91' lang='lat' dir='ltr'><strong>a</strong></span> <span class='ocrx_word' id='word_1_219' title='bbox 817 3968 884 4031; x_wconf 89' lang='lat' dir='ltr'><strong>suis</strong></span> <span class='ocrx_word' id='word_1_220' title='bbox 914 3968 1075 4033; x_wconf 84' lang='lat' dir='ltr'><strong>erroribus</strong></span> <span class='ocrx_word' id='word_1_221' title='bbox 1105 3950 1377 4066; x_wconf 33' lang='grc' dir='ltr'><strong>ὦνον-’ἕξω</strong></span> 
     </span>
    </p>
   </div>
   <div class='ocr_carea' id='block_1_3' title="bbox 156 4067 1349 4154">
    <p class='ocr_par' dir='ltr' id='par_1_5' title="bbox 156 4067 1349 4154">
     <span class='ocr_line' id='line_1_33' title="bbox 156 4067 1349 4154; baseline -0.005 -19"><span class='ocrx_word' id='word_1_222' title='bbox 156 4074 296 4145; x_wconf 84' lang='lat' dir='ltr'><strong>tentem,</strong></span> <span class='ocrx_word' id='word_1_223' title='bbox 335 4091 373 4133; x_wconf 91' lang='lat' dir='ltr'><strong>ac</strong></span> <span class='ocrx_word' id='word_1_224' title='bbox 411 4068 607 4133; x_wconf 72' lang='lat' dir='ltr'><strong>ordinationi</strong></span> <span class='ocrx_word' id='word_1_225' title='bbox 640 4077 673 4133; x_wconf 91' lang='lat' dir='ltr'><strong>ct</strong></span> <span class='ocrx_word' id='word_1_226' title='bbox 711 4068 915 4154; x_wconf 87' lang='lat' dir='ltr'><strong>dispositioni</strong></span> <span class='ocrx_word' id='word_1_227' title='bbox 945 4076 1066 4134; x_wconf 75' lang='lat' dir='ltr'><strong>sanctae</strong></span> <span class='ocrx_word' id='word_1_228' title='bbox 1095 4067 1210 4131; x_wconf 89' lang='lat' dir='ltr'><strong>matris</strong></span> <span class='ocrx_word' id='word_1_229' title='bbox 1221 4083 1304 4132; x_wconf 71' lang='lat' dir='ltr'><strong>sareu</strong></span> <span class='ocrx_word' id='word_1_230' title='bbox 1315 4083 1349 4145; x_wconf 78' lang='lat' dir='ltr'><strong>hy</strong></span> 
     </span>
    </p>
   </div>
   <div class='ocr_carea' id='block_1_4' title="bbox 158 4146 1340 4256">
    <p class='ocr_par' dir='ltr' id='par_1_6' title="bbox 158 4146 1340 4256">
     <span class='ocr_line' id='line_1_34' title="bbox 158 4146 1340 4256; baseline -0.003 -20"><span class='ocrx_word' id='word_1_231' title='bbox 158 4171 310 4245; x_wconf 76' lang='lat' dir='ltr'><strong>ccclesiae,</strong></span> <span class='ocrx_word' id='word_1_232' title='bbox 347 4176 448 4256; x_wconf 86' lang='lat' dir='ltr'><strong>atque</strong></span> <span class='ocrx_word' id='word_1_233' title='bbox 481 4170 607 4246; x_wconf 79' lang='lat' dir='ltr'><strong>nostris,</strong></span> <span class='ocrx_word' id='word_1_234' title='bbox 648 4192 681 4234; x_wconf 87' lang='lat' dir='ltr'><strong>se</strong></span> <span class='ocrx_word' id='word_1_235' title='bbox 715 4191 813 4255; x_wconf 86' lang='lat' dir='ltr'><strong>supra</strong></span> <span class='ocrx_word' id='word_1_236' title='bbox 850 4171 1000 4236; x_wconf 86' lang='lat' dir='ltr'><strong>onmibus</strong></span> <span class='ocrx_word' id='word_1_237' title='bbox 1037 4146 1340 4236; x_wconf 67' lang='lat' dir='ltr'><strong>antedictis¹¹⁸²⁰²h⁰</strong></span> 
     </span>
    </p>
   </div>
   <div class='ocr_carea' id='block_1_5' title="bbox 161 4436 1208 4451">
    <p class='ocr_par' dir='ltr' id='par_1_7' title="bbox 161 4436 1208 4451">
     <span class='ocr_line' id='line_1_35' title="bbox 161 4436 1208 4451; baseline 0.001 -4"><span class='ocrx_word' id='word_1_238' title='bbox 161 4436 1165 4451; x_wconf 43' lang='lat' dir='ltr'><strong>-ss--o—m-——n———n--q—-u———u—</strong></span> <span class='ocrx_word' id='word_1_239' title='bbox 1173 4439 1208 4448; x_wconf 63' lang='grc' dir='ltr'><strong>-α</strong></span> 
     </span>
    </p>
   </div>
   <div class='ocr_carea' id='block_1_6' title="bbox 453 4621 917 4688">
    <p class='ocr_par' dir='ltr' id='par_1_8' title="bbox 453 4621 917 4688">
     <span class='ocr_line' id='line_1_36' title="bbox 453 4621 917 4688; baseline 0.006 -17"><span class='ocrx_word' id='word_1_240' title='bbox 453 4621 459 4653; x_wconf 80' lang='lat'>¹</span> <span class='ocrx_word' id='word_1_241' title='bbox 472 4622 648 4688; x_wconf 66' lang='lat' dir='ltr'><strong>catapalastus]</strong></span> <span class='ocrx_word' id='word_1_242' title='bbox 662 4632 853 4687; x_wconf 75' lang='lat' dir='ltr'><strong>comparentem,</strong></span> <span class='ocrx_word' id='word_1_243' title='bbox 863 4623 917 4674; x_wconf 84' lang='lat' dir='ltr'><strong>MS.</strong></span> 
     </span>
    </p>
   </div>
   <div class='ocr_carea' id='block_1_7' title="bbox 0 0 1526 5490">
    <p class='ocr_par' dir='ltr' id='par_1_9' title="bbox 0 0 1526 5490">
     <span class='ocr_line' id='line_1_37' title="bbox 0 0 1526 5490; baseline 0 0"><span class='ocrx_word' id='word_1_244' title='bbox 0 0 1526 5490; x_wconf 95' lang='lat' dir='ltr'><strong> </strong></span> 
     </span>
    </p>
   </div>
  </div>
 </body>
</html>
