3158 5490
577 743 757 796 resonum
780 746 1003 798 anemonen
1247 732 1312 797 225

263 941 281 967 “
296 939 470 1018 ponuntur,
517 942 591 1020 post
628 936 900 1000 consecrationem
946 958 1012 1001 non
1059 937 1162 1001 solum
1209 958 1312 1002 saera·

263 1042 445 1100 “mentum
483 1038 553 1122 [sed
601 1038 700 1100 etiam
738 1058 852 1102 verum
891 1059 1006 1124 eorpus
1043 1044 1077 1104 et
1118 1039 1310 1124 sangumem

263 1136 429 1201 “Domini
457 1139 559 1202 nostri
595 1137 677 1202 Jesu
710 1138 833 1203 Christi
863 1161 938 1217 esse,
970 1147 1004 1204 et
1029 1140 1221 1204 sensualiter
1244 1162 1311 1204 non

262 1246 279 1271 “
294 1239 399 1302 solum
436 1237 682 1323 sacramento‚]¹
710 1240 768 1304 sed
793 1241 828 1303 in
850 1242 997 1317 veritate,
1029 1241 1180 1305 manibus
1210 1263 1311 1306 saeer-

261 1339 408 1404 “dotum
438 1341 552 1426 franm‘,
580 1341 721 1415 tractari,
754 1348 787 1405 et
816 1342 961 1407 fidelium
985 1343 1136 1407 dentibus
1159 1342 1310 1407 atteri.”²

261 1440 306 1504 Et
326 1442 414 1525 quod
439 1442 517 1522 hoee,
541 1449 580 1508 ut
604 1450 729 1517 sonant,
756 1448 939 1528 repugnent
970 1443 1082 1508 multis
1114 1444 1186 1507 aliia
1223 1446 1310 1530 oapi·

259 1542 338 1606 tulie
375 1544 520 1627 ejusdem
558 1546 629 1608 dist
670 1547 698 1619 2,
738 1567 775 1608 no
812 1545 1006 1630 Augustino,
1042 1543 1238 1622 Ambrosio,³
1274 1553 1308 1611 et

258 1643 331 1707 aliis
360 1645 545 1710 doctoribus
574 1646 769 1731 approbatis,
794 1652 887 1731 patet
910 1646 1068 1731 capitulis,
1116 1644 1186 1726 Qui
1209 1668 1308 1710 neo-n-

258 1742 369 1819 ducat,
395 1746 538 1822 Invitat,
567 1753 601 1811 et
626 1746 696 1828 Qui
718 1746 936 1812 nurudueant
958 1753 988 1811 et
1010 1746 1139 1822 bibunt,
1167 1754 1201 1812 et
1238 1746 1306 1812 Ubi

257 1853 305 1910 eat
340 1869 425 1931 saera
437 1846 467 1925 ;⁴
505 1870 579 1933 quae
616 1849 726 1912 omnia
763 1848 881 1913 volunt
926 1870 1041 1934 eorpus
1080 1848 1204 1913 Christi
1240 1870 1307 1912 non

259 1948 370 2024 dividi,
402 1954 461 2012 aut
490 1949 605 2034 frangi,
636 1950 693 2013 sed
723 1949 827 2013 solum
862 1955 1109 2025 sacramentum,
1148 1955 1188 2013 ut
1218 1949 1306 2034 prius

258 2056 372 2113 eontra
400 2049 575 2136 septimum
606 2071 744 2114 errorem
783 2049 927 2114 taetum⁶
956 2056 1028 2129 est3
1066 2050 1157 2134 cujus
1195 2055 1306 2116 tamen

258 2152 441 2235 oppositum
466 2158 583 2216 sonant
607 2152 708 2216 verba
731 2150 938 2214 consensionis
965 2147 1207 2236 praeallegetoe.⁰

304 2250 348 2315 Et
371 2259 531 2336 quantum
556 2251 598 2314 ad
622 2251 704 2315 illud
725 2251 814 2335 quod
833 2250 965 2316 videtur
988 2252 1079 2328 velle,
1102 2252 1189 2336 quod
1213 2254 1306 2337 panis

258 2351 456 2428 materialis,⁷
486 2353 544 2437 qui
582 2352 617 2416 in
648 2352 744 2416 altari
781 2353 922 2436 ponitur,
953 2353 998 2417 sit
1027 2375 1142 2438 eorpus
1173 2353 1304 2429 Christi,

258 2459 419 2538 repugnat
456 2453 607 2539 capitulis
645 2453 789 2537 ejusdem
828 2454 900 2516 dist
941 2456 970 2528 2,
1010 2453 1150 2530 Revera,
1175 2452 1306 2518 Omnia

257 2575 474 2640 quecunque,
502 2559 536 2619 et
561 2554 744 2640 specialiter
769 2553 912 2638 capitulo
941 2553 1097 2638 Accipite
1108 2579 1121 2630 ,·
1155 2554 1191 2616 in
1213 2556 1305 2638 eujus

258 2656 428 2730 sententia,
473 2660 507 2720 et
544 2653 656 2740 quasi⁸
696 2654 808 2718 verbis
845 2654 1040 2719 concordant
1078 2654 1307 2738 Augustinus⁹

258 2756 299 2820 (le
326 2755 444 2819 Verbis
474 2754 618 2831 Domini,
650 2776 795 2819 sermone
823 2756 873 2829 28,
906 2760 940 2819 et
969 2753 1194 2818 Ambrosius¹⁰
1220 2755 1304 2818 libro

259 2856 300 2920 de
330 2855 556 2932 sacramentis,
580 2856 729 2941 negando
758 2854 807 2919 ibi
836 2877 905 2919 esse
928 2855 1071 2939 aliquem
1093 2876 1211 2940 panem
1240 2857 1305 2920 nisi

258 2957 469 3042 spiritualem,
497 2962 537 3022 ut
565 2957 656 3042 prius
685 2963 799 3021 contra
834 2958 975 3042 primum
1010 2978 1149 3020 errorem
1180 2962 1304 3021 tactum

257 3057 340 3123 est¹¹
378 3059 430 3121 Ex
452 3059 523 3122 istis
541 3080 689 3144 expresse
708 3058 841 3122 videtur·
860 3059 948 3143 quod
967 3055 1158 3144 repugnat¹²
1180 3060 1303 3134 eanoni,

257 3166 292 3223 et
321 3159 394 3222 aliis
420 3159 604 3224 doctoribus
623 3158 765 3223 induetis
788 3180 845 3243 pro
867 3158 1016 3236 testibus,
1038 3159 1126 3242 quod
1151 3158 1305 3243 pnedieta

258 3260 414 3324 oonfessio
453 3260 641 3344 Berengarii
679 3266 830 3324 teneatur
866 3265 906 3323 ut
942 3258 1042 3323 verba
1079 3265 1216 3336 sonant3
1247 3260 1305 3323 sed

257 3366 386 3446 oportet
415 3361 502 3445 quod
546 3361 654 3425 debite
698 3359 859 3445 glossetur
895 3359 1071 3424 semmdum
1108 3360 1304 3425 sententiam

258 3462 418 3529 dictorum
442 3462 573 3526 canonis
599 3467 633 3527 et
648 3459 852 3538 doctorum‚¹³
866 3462 987 3527 seilicet
1006 3461 1094 3546 quod
1117 3463 1210 3547 panis
1235 3484 1306 3526 ma·

292 3844 298 3871 ¹
311 3842 354 3892 sed
365 3841 631 3907 etiam-sacramento]
653 3856 703 3892 om.
723 3841 758 3902 A,
836 3842 846 3870 ⁶
854 3840 1030 3908 proeelleyeloe]
1048 3841 1206 3906 praenegare,
1218 3843 1251 3903 D,
1264 3844 1295 3894 E.

258 3921 335 3980 mr.
370 3920 487 3985 Supplied
498 3919 564 3968 from
575 3919 670 3970 Canon.
704 3918 760 3968 The
836 3918 998 3986 'malninlffl
1012 3921 1148 3970 materialis
1156 3922 1215 3986 quia
1227 3921 1304 3986 panis,

257 3998 427 4064 similarityoi
439 3999 480 4048 the
492 3998 573 4048 words
583 4004 756 4047 sacramentum
803 3998 838 4058 D,
850 3998 880 4048 E.

257 4076 306 4135 sed,
326 4077 376 4127 and
395 4084 544 4126 mammo
563 4074 611 4134 sed,
632 4075 759 4139 naturally
835 4077 940 4142 'quaeq
954 4077 1025 4141 qussi
1036 4077 1072 4139 in,
1083 4077 1116 4128 D.

257 4163 374 4204 accounts
385 4155 424 4204 ior
436 4155 478 4204 the
488 4153 616 4204 omission.
835 4153 1020 4220 'Aequanum
1034 4155 1187 4219 Augustino,
1200 4156 1233 4206 D.

290 4233 397 4297 ’aua-fl
411 4247 460 4282 om.
472 4234 506 4284 D.
836 4233 854 4262 ¹⁸
864 4231 1019 4297 Ambrosius]
1032 4232 1176 4295 Ambrosio,
1189 4232 1222 4284 D.

291 4309 454 4375 'Auentina
481 4309 620 4374 Ambrosio]
656 4310 758 4373 Angus-
836 4311 852 4340 ¹¹
871 4310 918 4361 See
930 4311 1050 4374 eborap
1066 4315 1121 4363 189.

256 4387 313 4446 tini,
326 4388 465 4447 Ambrosii,
477 4389 512 4445 A,
525 4388 559 4448 D,
570 4387 601 4437 Ε.
836 4389 855 4418 ¹²
865 4388 996 4453 repugnat]
1010 4397 1157 4454 repugnant,
1169 4389 1203 4447 A,
1211 4390 1242 4439 E.

290 4463 365 4513 ⁴Uti
385 4474 421 4514 ese
444 4466 521 4529 pere]
546 4465 598 4516 Ubi
627 4481 684 4530 pars
711 4474 757 4523 est,
836 4467 855 4495 ¹³
869 4465 1152 4532 dictorum-doctorum]
1173 4468 1304 4518 doctorum

257 4543 352 4592 Canon.
801 4550 827 4592 et
837 4543 947 4602 canonis,
960 4543 1001 4601 D;
1017 4545 1147 4594 doctorum
1165 4544 1268 4595 canonis
1278 4552 1304 4596 et

292 4620 419 4688 ’[αεέκιι]
432 4635 480 4672 om.
493 4621 526 4670 D.
803 4621 941 4680 doctorum,
952 4620 982 4671 E.

1194 4715 1217 4767 1³
