<?xml version="1.0" encoding="UTF-8"?>
<!DOCTYPE html PUBLIC "-//W3C//DTD XHTML 1.0 Transitional//EN"
    "http://www.w3.org/TR/xhtml1/DTD/xhtml1-transitional.dtd">
<html xmlns="http://www.w3.org/1999/xhtml" xml:lang="en" lang="en">
 <head>
  <title>
</title>
<meta http-equiv="Content-Type" content="text/html;charset=utf-8" />
  <meta name='ocr-system' content='tesseract 3.04.00' />
  <meta name='ocr-capabilities' content='ocr_page ocr_carea ocr_par ocr_line ocrx_word'/>
</head>
<body>
  <div class='ocr_page' id='page_1' title='image "./fasciculizizani00nettgoog_0541.png"; bbox 0 0 3158 5490; ppageno 0'>
   <div class='ocr_carea' id='block_1_1' title="bbox 260 677 1004 747">
    <p class='ocr_par' dir='ltr' id='par_1_1' title="bbox 260 677 1004 747">
     <span class='ocr_line' id='line_1_1' title="bbox 260 677 1004 747; baseline -0.005 -2"><span class='ocrx_word' id='word_1_1' title='bbox 260 677 327 747; x_wconf 70' lang='lat'>448</span> <span class='ocrx_word' id='word_1_2' title='bbox 572 689 750 742; x_wconf 76' lang='lat' dir='ltr'>rascrcum</span> <span class='ocrx_word' id='word_1_3' title='bbox 773 688 1004 741; x_wconf 74' lang='lat' dir='ltr'>culmorum</span> 
     </span>
    </p>
   </div>
   <div class='ocr_carea' id='block_1_2' title="bbox 260 877 1325 1576">
    <p class='ocr_par' dir='ltr' id='par_1_2' title="bbox 260 877 1325 1576">
     <span class='ocr_line' id='line_1_2' title="bbox 260 877 1325 958; baseline 0.006 -16"><span class='ocrx_word' id='word_1_4' title='bbox 260 878 474 958; x_wconf 68' lang='lat' dir='ltr'>innotescant,</span> <span class='ocrx_word' id='word_1_5' title='bbox 508 882 619 944; x_wconf 87' lang='lat' dir='ltr'>vestra</span> <span class='ocrx_word' id='word_1_6' title='bbox 647 877 847 944; x_wconf 81' lang='lat' dir='ltr'>fretenritati</span> <span class='ocrx_word' id='word_1_7' title='bbox 876 878 1121 944; x_wconf 71' lang='lat' dir='ltr'><strong>committimus</strong></span> <span class='ocrx_word' id='word_1_8' title='bbox 1153 884 1193 946; x_wconf 90' lang='lat' dir='ltr'>et</span> <span class='ocrx_word' id='word_1_9' title='bbox 1234 902 1325 947; x_wconf 81' lang='lat' dir='ltr'>men·</span> 
     </span>
     <span class='ocr_line' id='line_1_3' title="bbox 261 979 1321 1065; baseline 0.003 -19"><span class='ocrx_word' id='word_1_10' title='bbox 261 979 397 1055; x_wconf 83' lang='lat' dir='ltr'>damus,l</span> <span class='ocrx_word' id='word_1_11' title='bbox 430 984 591 1064; x_wconf 82' lang='lat' dir='ltr'>quatenus</span> <span class='ocrx_word' id='word_1_12' title='bbox 617 979 791 1065; x_wconf 79' lang='lat' dir='ltr'>prmfatum</span> <span class='ocrx_word' id='word_1_13' title='bbox 818 981 989 1045; x_wconf 91' lang='lat' dir='ltr'>dominum</span> <span class='ocrx_word' id='word_1_14' title='bbox 1011 979 1036 1046; x_wconf 79' lang='lat' dir='ltr'><strong>J</strong></span> <span class='ocrx_word' id='word_1_15' title='bbox 1038 982 1214 1048; x_wconf 87' lang='lat' dir='ltr'>ohannem</span> <span class='ocrx_word' id='word_1_16' title='bbox 1245 983 1321 1049; x_wconf 90' lang='lat' dir='ltr'>Old-</span> 
     </span>
     <span class='ocr_line' id='line_1_4' title="bbox 261 1081 1319 1168; baseline 0.005 -22"><span class='ocrx_word' id='word_1_17' title='bbox 261 1081 373 1146; x_wconf 86' lang='lat' dir='ltr'>castell</span> <span class='ocrx_word' id='word_1_18' title='bbox 410 1081 463 1156; x_wconf 90' lang='lat' dir='ltr'>sic,</span> <span class='ocrx_word' id='word_1_19' title='bbox 502 1085 542 1145; x_wconf 86' lang='lat' dir='ltr'>ut</span> <span class='ocrx_word' id='word_1_20' title='bbox 579 1081 801 1166; x_wconf 67' lang='lat' dir='ltr'>praemittitur,</span> <span class='ocrx_word' id='word_1_21' title='bbox 840 1103 900 1168; x_wconf 88' lang='lat' dir='ltr'>per</span> <span class='ocrx_word' id='word_1_22' title='bbox 934 1103 995 1147; x_wconf 90' lang='lat' dir='ltr'>nos</span> <span class='ocrx_word' id='word_1_23' title='bbox 1032 1082 1137 1150; x_wconf 72' lang='lat' dir='ltr'>fuime</span> <span class='ocrx_word' id='word_1_24' title='bbox 1178 1090 1216 1151; x_wconf 88' lang='lat' dir='ltr'>et</span> <span class='ocrx_word' id='word_1_25' title='bbox 1254 1106 1319 1150; x_wconf 73' lang='lat' dir='ltr'>oese</span> 
     </span>
     <span class='ocr_line' id='line_1_5' title="bbox 261 1181 1319 1264; baseline 0.005 -18"><span class='ocrx_word' id='word_1_26' title='bbox 261 1181 454 1247; x_wconf 86' lang='lat' dir='ltr'>damnatum</span> <span class='ocrx_word' id='word_1_27' title='bbox 492 1182 692 1264; x_wconf 81' lang='lat' dir='ltr'>luereticum,</span> <span class='ocrx_word' id='word_1_28' title='bbox 731 1183 980 1260; x_wconf 83' lang='lat' dir='ltr'>schismaticum,</span> <span class='ocrx_word' id='word_1_29' title='bbox 1020 1190 1055 1249; x_wconf 86' lang='lat' dir='ltr'>et</span> <span class='ocrx_word' id='word_1_30' title='bbox 1094 1185 1133 1251; x_wconf 89' lang='lat' dir='ltr'>in</span> <span class='ocrx_word' id='word_1_31' title='bbox 1172 1186 1319 1251; x_wconf 74' lang='lat' dir='ltr'>articulis</span> 
     </span>
     <span class='ocr_line' id='line_1_6' title="bbox 262 1285 1319 1374; baseline 0.006 -26"><span class='ocrx_word' id='word_1_32' title='bbox 262 1285 488 1370; x_wconf 72' lang='lat' dir='ltr'><strong>suprascriptis</strong></span> <span class='ocrx_word' id='word_1_33' title='bbox 517 1290 688 1362; x_wconf 88' lang='lat' dir='ltr'>errantem,</span> <span class='ocrx_word' id='word_1_34' title='bbox 717 1308 892 1372; x_wconf 90' lang='lat' dir='ltr'>omnesque</span> <span class='ocrx_word' id='word_1_35' title='bbox 922 1286 1004 1353; x_wconf 90' lang='lat' dir='ltr'>alios</span> <span class='ocrx_word' id='word_1_36' title='bbox 1025 1293 1061 1352; x_wconf 88' lang='lat' dir='ltr'>et</span> <span class='ocrx_word' id='word_1_37' title='bbox 1084 1289 1239 1374; x_wconf 83' lang='lat' dir='ltr'>singulos</span> <span class='ocrx_word' id='word_1_38' title='bbox 1264 1288 1319 1373; x_wconf 90' lang='lat' dir='ltr'>qui</span> 
     </span>
     <span class='ocr_line' id='line_1_7' title="bbox 261 1385 1318 1467; baseline 0.005 -17"><span class='ocrx_word' id='word_1_39' title='bbox 261 1385 401 1451; x_wconf 88' lang='lat' dir='ltr'>eundem</span> <span class='ocrx_word' id='word_1_40' title='bbox 424 1385 593 1451; x_wconf 89' lang='lat' dir='ltr'>dominum</span> <span class='ocrx_word' id='word_1_41' title='bbox 616 1386 804 1454; x_wconf 81' lang='lat' dir='ltr'>Johannem</span> <span class='ocrx_word' id='word_1_42' title='bbox 822 1388 863 1453; x_wconf 88' lang='lat' dir='ltr'>de</span> <span class='ocrx_word' id='word_1_43' title='bbox 888 1392 1004 1467; x_wconf 81' lang='lat' dir='ltr'>cetero,</span> <span class='ocrx_word' id='word_1_44' title='bbox 1028 1389 1065 1454; x_wconf 91' lang='lat' dir='ltr'>in</span> <span class='ocrx_word' id='word_1_45' title='bbox 1088 1390 1144 1454; x_wconf 92' lang='lat' dir='ltr'>sui</span> <span class='ocrx_word' id='word_1_46' title='bbox 1168 1389 1318 1455; x_wconf 83' lang='lat' dir='ltr'>favorem</span> 
     </span>
     <span class='ocr_line' id='line_1_8' title="bbox 262 1487 1317 1576; baseline 0.006 -25"><span class='ocrx_word' id='word_1_47' title='bbox 262 1487 387 1564; x_wconf 86' lang='lat' dir='ltr'>erroris,</span> <span class='ocrx_word' id='word_1_48' title='bbox 418 1487 644 1574; x_wconf 86' lang='lat' dir='ltr'>receptaverit,</span> <span class='ocrx_word' id='word_1_49' title='bbox 675 1488 901 1567; x_wconf 74' lang='lat' dir='ltr'>defensaverit,</span> <span class='ocrx_word' id='word_1_50' title='bbox 931 1490 1224 1576; x_wconf 78' lang='lat' dir='ltr'>receptaverintve</span> <span class='ocrx_word' id='word_1_51' title='bbox 1260 1512 1317 1557; x_wconf 88' lang='lat' dir='ltr'>seu</span> 
     </span>
    </p>
   </div>
   <div class='ocr_carea' id='block_1_3' title="bbox 262 1587 1324 4329">
    <p class='ocr_par' dir='ltr' id='par_1_3' title="bbox 262 1587 1320 2900">
     <span class='ocr_line' id='line_1_9' title="bbox 262 1587 1317 1670; baseline 0.006 -18"><span class='ocrx_word' id='word_1_52' title='bbox 262 1587 512 1666; x_wconf 81' lang='lat' dir='ltr'>defensaverint,</span> <span class='ocrx_word' id='word_1_53' title='bbox 534 1596 593 1655; x_wconf 89' lang='lat' dir='ltr'>aut</span> <span class='ocrx_word' id='word_1_54' title='bbox 617 1589 680 1654; x_wconf 91' lang='lat' dir='ltr'>sibi</span> <span class='ocrx_word' id='word_1_55' title='bbox 707 1591 888 1670; x_wconf 83' lang='lat' dir='ltr'>sensilium,</span> <span class='ocrx_word' id='word_1_56' title='bbox 904 1591 1067 1657; x_wconf 83' lang='lat' dir='ltr'>auxilium</span> <span class='ocrx_word' id='word_1_57' title='bbox 1088 1592 1147 1658; x_wconf 79' lang='lat' dir='ltr'>vel</span> <span class='ocrx_word' id='word_1_58' title='bbox 1169 1591 1317 1658; x_wconf 74' lang='lat' dir='ltr'>favorem</span> 
     </span>
     <span class='ocr_line' id='line_1_10' title="bbox 263 1689 1317 1780; baseline 0.005 -25"><span class='ocrx_word' id='word_1_59' title='bbox 263 1689 299 1754; x_wconf 91' lang='lat' dir='ltr'>in</span> <span class='ocrx_word' id='word_1_60' title='bbox 341 1690 401 1756; x_wconf 85' lang='lat' dir='ltr'>hac</span> <span class='ocrx_word' id='word_1_61' title='bbox 445 1696 538 1777; x_wconf 82' lang='lat' dir='ltr'>parte</span> <span class='ocrx_word' id='word_1_62' title='bbox 583 1691 768 1778; x_wconf 86' lang='lat' dir='ltr'>prsebuerit,</span> <span class='ocrx_word' id='word_1_63' title='bbox 810 1691 865 1759; x_wconf 82' lang='lat' dir='ltr'>vel</span> <span class='ocrx_word' id='word_1_64' title='bbox 902 1692 1114 1779; x_wconf 81' lang='lat' dir='ltr'>praebuerint,</span> <span class='ocrx_word' id='word_1_65' title='bbox 1154 1699 1317 1780; x_wconf 76' lang='lat' dir='ltr'>tanquam</span> 
     </span>
     <span class='ocr_line' id='line_1_11' title="bbox 263 1791 1319 1882; baseline 0.006 -28"><span class='ocrx_word' id='word_1_66' title='bbox 263 1791 414 1869; x_wconf 85' lang='lat' dir='ltr'>fautores,</span> <span class='ocrx_word' id='word_1_67' title='bbox 446 1798 662 1878; x_wconf 81' lang='lat' dir='ltr'>receptatores</span> <span class='ocrx_word' id='word_1_68' title='bbox 699 1800 733 1860; x_wconf 91' lang='lat' dir='ltr'>et</span> <span class='ocrx_word' id='word_1_69' title='bbox 763 1794 948 1860; x_wconf 88' lang='lat' dir='ltr'>defensores</span> <span class='ocrx_word' id='word_1_70' title='bbox 984 1793 1229 1875; x_wconf 81' lang='lat' dir='ltr'>haercticorum,</span> <span class='ocrx_word' id='word_1_71' title='bbox 1260 1817 1319 1882; x_wconf 86' lang='lat' dir='ltr'>per</span> 
     </span>
     <span class='ocr_line' id='line_1_12' title="bbox 264 1893 1317 1963; baseline 0.007 -7"><span class='ocrx_word' id='word_1_72' title='bbox 264 1893 386 1957; x_wconf 84' lang='lat' dir='ltr'>dictam</span> <span class='ocrx_word' id='word_1_73' title='bbox 415 1893 582 1958; x_wconf 73' lang='lat' dir='ltr'>nostram²</span> <span class='ocrx_word' id='word_1_74' title='bbox 614 1896 811 1961; x_wconf 87' lang='lat' dir='ltr'>senteutiam</span> <span class='ocrx_word' id='word_1_75' title='bbox 842 1895 1053 1962; x_wconf 86' lang='lat' dir='ltr'>diffinitivam</span> <span class='ocrx_word' id='word_1_76' title='bbox 1090 1897 1317 1963; x_wconf 86' lang='lat' dir='ltr'>excommuni-</span> 
     </span>
     <span class='ocr_line' id='line_1_13' title="bbox 264 1993 1317 2083; baseline 0.004 -23"><span class='ocrx_word' id='word_1_77' title='bbox 264 1999 362 2069; x_wconf 87' lang='lat' dir='ltr'>catos,</span> <span class='ocrx_word' id='word_1_78' title='bbox 393 1996 428 2059; x_wconf 92' lang='lat' dir='ltr'>in</span> <span class='ocrx_word' id='word_1_79' title='bbox 458 1993 590 2060; x_wconf 85' lang='lat' dir='ltr'>ccclesia</span> <span class='ocrx_word' id='word_1_80' title='bbox 620 1999 738 2075; x_wconf 84' lang='lat' dir='ltr'>vestra,</span> <span class='ocrx_word' id='word_1_81' title='bbox 769 2002 804 2064; x_wconf 90' lang='lat' dir='ltr'>ct</span> <span class='ocrx_word' id='word_1_82' title='bbox 833 2019 893 2083; x_wconf 90' lang='lat' dir='ltr'>per</span> <span class='ocrx_word' id='word_1_83' title='bbox 920 2002 1048 2064; x_wconf 84' lang='lat' dir='ltr'>vestras</span> <span class='ocrx_word' id='word_1_84' title='bbox 1077 1997 1254 2064; x_wconf 83' lang='lat' dir='ltr'>civitatem</span> <span class='ocrx_word' id='word_1_85' title='bbox 1282 2004 1317 2064; x_wconf 91' lang='lat' dir='ltr'>et</span> 
     </span>
     <span class='ocr_line' id='line_1_14' title="bbox 264 2095 1318 2182; baseline 0.005 -23"><span class='ocrx_word' id='word_1_86' title='bbox 264 2095 429 2160; x_wconf 88' lang='lat' dir='ltr'>dioecesim</span> <span class='ocrx_word' id='word_1_87' title='bbox 455 2117 513 2181; x_wconf 90' lang='lat' dir='ltr'>per</span> <span class='ocrx_word' id='word_1_88' title='bbox 542 2097 688 2182; x_wconf 83' lang='lat' dir='ltr'>singulos</span> <span class='ocrx_word' id='word_1_89' title='bbox 713 2098 863 2165; x_wconf 89' lang='lat' dir='ltr'>subditos</span> <span class='ocrx_word' id='word_1_90' title='bbox 886 2105 1013 2165; x_wconf 88' lang='lat' dir='ltr'>vestros</span> <span class='ocrx_word' id='word_1_91' title='bbox 1039 2104 1173 2166; x_wconf 86' lang='lat' dir='ltr'>curatos</span> <span class='ocrx_word' id='word_1_92' title='bbox 1200 2121 1318 2164; x_wconf 77' lang='lat' dir='ltr'>carun</span> 
     </span>
     <span class='ocr_line' id='line_1_15' title="bbox 264 2197 1317 2287; baseline 0.003 -23"><span class='ocrx_word' id='word_1_93' title='bbox 264 2197 347 2273; x_wconf 87' lang='lat' dir='ltr'>dem,</span> <span class='ocrx_word' id='word_1_94' title='bbox 379 2198 416 2262; x_wconf 92' lang='lat' dir='ltr'>in</span> <span class='ocrx_word' id='word_1_95' title='bbox 446 2197 585 2263; x_wconf 89' lang='lat' dir='ltr'>ecclesiis</span> <span class='ocrx_word' id='word_1_96' title='bbox 615 2201 690 2277; x_wconf 90' lang='lat' dir='ltr'>suis,</span> <span class='ocrx_word' id='word_1_97' title='bbox 722 2222 797 2266; x_wconf 92' lang='lat' dir='ltr'>cum</span> <span class='ocrx_word' id='word_1_98' title='bbox 827 2202 932 2287; x_wconf 89' lang='lat' dir='ltr'>major</span> <span class='ocrx_word' id='word_1_99' title='bbox 961 2202 998 2266; x_wconf 93' lang='lat' dir='ltr'>in</span> <span class='ocrx_word' id='word_1_100' title='bbox 1027 2201 1153 2267; x_wconf 86' lang='lat' dir='ltr'>eisdem</span> <span class='ocrx_word' id='word_1_101' title='bbox 1183 2201 1317 2267; x_wconf 81' lang='lat' dir='ltr'>affuerit</span> 
     </span>
     <span class='ocr_line' id='line_1_16' title="bbox 264 2299 1318 2390; baseline 0.004 -26"><span class='ocrx_word' id='word_1_102' title='bbox 264 2299 376 2386; x_wconf 92' lang='lat' dir='ltr'>populi</span> <span class='ocrx_word' id='word_1_103' title='bbox 402 2300 591 2378; x_wconf 89' lang='lat' dir='ltr'>multitudo,</span> <span class='ocrx_word' id='word_1_104' title='bbox 607 2301 675 2367; x_wconf 84' lang='lat' dir='ltr'>alta</span> <span class='ocrx_word' id='word_1_105' title='bbox 700 2306 735 2368; x_wconf 82' lang='lat' dir='ltr'>et</span> <span class='ocrx_word' id='word_1_106' title='bbox 757 2303 958 2389; x_wconf 80' lang='lat' dir='ltr'>intelligibili</span> <span class='ocrx_word' id='word_1_107' title='bbox 981 2324 1069 2382; x_wconf 89' lang='lat' dir='ltr'>voce,</span> <span class='ocrx_word' id='word_1_108' title='bbox 1086 2307 1122 2368; x_wconf 92' lang='lat' dir='ltr'>et</span> <span class='ocrx_word' id='word_1_109' title='bbox 1141 2304 1181 2368; x_wconf 90' lang='lat' dir='ltr'>in</span> <span class='ocrx_word' id='word_1_110' title='bbox 1204 2303 1318 2390; x_wconf 73' lang='lat' dir='ltr'>lingua</span> 
     </span>
     <span class='ocr_line' id='line_1_17' title="bbox 262 2405 1318 2498; baseline 0.003 -29"><span class='ocrx_word' id='word_1_111' title='bbox 262 2408 421 2483; x_wconf 86' lang='lat' dir='ltr'>materna,</span> <span class='ocrx_word' id='word_1_112' title='bbox 446 2408 545 2488; x_wconf 90' lang='lat' dir='ltr'>prout</span> <span class='ocrx_word' id='word_1_113' title='bbox 568 2425 667 2491; x_wconf 89' lang='lat' dir='ltr'>supra</span> <span class='ocrx_word' id='word_1_114' title='bbox 691 2405 843 2471; x_wconf 87' lang='lat' dir='ltr'>seriosius</span> <span class='ocrx_word' id='word_1_115' title='bbox 867 2405 1055 2498; x_wconf 76' lang='lat' dir='ltr'>continetur</span> <span class='ocrx_word' id='word_1_116' title='bbox 1085 2406 1122 2470; x_wconf 92' lang='lat' dir='ltr'>iu</span> <span class='ocrx_word' id='word_1_117' title='bbox 1152 2406 1216 2472; x_wconf 91' lang='lat' dir='ltr'>hoc</span> <span class='ocrx_word' id='word_1_118' title='bbox 1244 2427 1318 2492; x_wconf 90' lang='lat' dir='ltr'>prc-</span> 
     </span>
     <span class='ocr_line' id='line_1_18' title="bbox 264 2505 1318 2594; baseline 0.002 -22"><span class='ocrx_word' id='word_1_119' title='bbox 264 2527 364 2583; x_wconf 88' lang='lat' dir='ltr'>csssu,</span> <span class='ocrx_word' id='word_1_120' title='bbox 418 2505 590 2583; x_wconf 85' lang='lat' dir='ltr'>declarent,</span> <span class='ocrx_word' id='word_1_121' title='bbox 648 2507 817 2593; x_wconf 89' lang='lat' dir='ltr'>publicent</span> <span class='ocrx_word' id='word_1_122' title='bbox 862 2514 897 2574; x_wconf 90' lang='lat' dir='ltr'>et</span> <span class='ocrx_word' id='word_1_123' title='bbox 941 2514 1134 2594; x_wconf 77' lang='lat' dir='ltr'>exponant3</span> <span class='ocrx_word' id='word_1_124' title='bbox 1187 2513 1230 2574; x_wconf 90' lang='lat' dir='ltr'>ut</span> <span class='ocrx_word' id='word_1_125' title='bbox 1272 2508 1318 2575; x_wconf 86' lang='lat' dir='ltr'>sic</span> 
     </span>
     <span class='ocr_line' id='line_1_19' title="bbox 265 2608 1320 2696; baseline 0 -21"><span class='ocrx_word' id='word_1_126' title='bbox 265 2609 433 2695; x_wconf 87' lang='lat' dir='ltr'>opiniones</span> <span class='ocrx_word' id='word_1_127' title='bbox 455 2630 597 2675; x_wconf 84' lang='lat' dir='ltr'>erroneae</span> <span class='ocrx_word' id='word_1_128' title='bbox 624 2609 743 2695; x_wconf 93' lang='lat' dir='ltr'>populi,</span> <span class='ocrx_word' id='word_1_129' title='bbox 776 2609 834 2696; x_wconf 93' lang='lat' dir='ltr'>qui</span> <span class='ocrx_word' id='word_1_130' title='bbox 863 2609 959 2675; x_wconf 85' lang='lat' dir='ltr'>aliter</span> <span class='ocrx_word' id='word_1_131' title='bbox 989 2609 1137 2695; x_wconf 88' lang='lat' dir='ltr'>concepit</span> <span class='ocrx_word' id='word_1_132' title='bbox 1165 2608 1255 2675; x_wconf 81' lang='lat' dir='ltr'>forte</span> <span class='ocrx_word' id='word_1_133' title='bbox 1284 2611 1320 2675; x_wconf 92' lang='lat' dir='ltr'>in</span> 
     </span>
     <span class='ocr_line' id='line_1_20' title="bbox 266 2709 1320 2796; baseline 0.003 -20"><span class='ocrx_word' id='word_1_134' title='bbox 266 2712 327 2776; x_wconf 88' lang='lat' dir='ltr'>hac</span> <span class='ocrx_word' id='word_1_135' title='bbox 351 2712 489 2776; x_wconf 88' lang='lat' dir='ltr'>materia</span> <span class='ocrx_word' id='word_1_136' title='bbox 515 2709 633 2796; x_wconf 79' lang='lat' dir='ltr'>quam⁸</span> <span class='ocrx_word' id='word_1_137' title='bbox 663 2733 697 2776; x_wconf 90' lang='lat' dir='ltr'>se</span> <span class='ocrx_word' id='word_1_138' title='bbox 724 2710 825 2778; x_wconf 88' lang='lat' dir='ltr'>habet</span> <span class='ocrx_word' id='word_1_139' title='bbox 855 2712 903 2779; x_wconf 89' lang='lat' dir='ltr'>rei</span> <span class='ocrx_word' id='word_1_140' title='bbox 931 2712 1062 2788; x_wconf 82' lang='lat' dir='ltr'>veritas,</span> <span class='ocrx_word' id='word_1_141' title='bbox 1087 2711 1150 2779; x_wconf 83' lang='lat' dir='ltr'>hac</span> <span class='ocrx_word' id='word_1_142' title='bbox 1176 2712 1320 2779; x_wconf 81' lang='lat' dir='ltr'>declam·</span> 
     </span>
     <span class='ocr_line' id='line_1_21' title="bbox 266 2813 765 2900; baseline -0.002 -20"><span class='ocrx_word' id='word_1_143' title='bbox 266 2815 356 2880; x_wconf 91' lang='lat' dir='ltr'>tione</span> <span class='ocrx_word' id='word_1_144' title='bbox 379 2814 509 2900; x_wconf 92' lang='lat' dir='ltr'>publica</span> <span class='ocrx_word' id='word_1_145' title='bbox 531 2813 765 2880; x_wconf 82' lang='lat' dir='ltr'>rescinduntur.</span> 
     </span>
    </p>

    <p class='ocr_par' dir='ltr' id='par_1_4' title="bbox 266 2915 1323 3818">
     <span class='ocr_line' id='line_1_22' title="bbox 312 2915 1320 3002; baseline 0.003 -22"><span class='ocrx_word' id='word_1_146' title='bbox 312 2916 409 2995; x_wconf 80' lang='lat' dir='ltr'>Quod</span> <span class='ocrx_word' id='word_1_147' title='bbox 446 2915 532 2980; x_wconf 91' lang='lat' dir='ltr'>idem</span> <span class='ocrx_word' id='word_1_148' title='bbox 571 2938 630 3001; x_wconf 87' lang='lat' dir='ltr'>per</span> <span class='ocrx_word' id='word_1_149' title='bbox 666 2937 725 2981; x_wconf 92' lang='lat' dir='ltr'>vos</span> <span class='ocrx_word' id='word_1_150' title='bbox 769 2915 907 3002; x_wconf 85' lang='lat' dir='ltr'>singulis</span> <span class='ocrx_word' id='word_1_151' title='bbox 940 2916 1161 2982; x_wconf 82' lang='lat' dir='ltr'>confratribus</span> <span class='ocrx_word' id='word_1_152' title='bbox 1197 2917 1320 2983; x_wconf 85' lang='lat' dir='ltr'>nostris</span> 
     </span>
     <span class='ocr_line' id='line_1_23' title="bbox 267 3017 1320 3104; baseline 0.001 -21"><span class='ocrx_word' id='word_1_153' title='bbox 267 3024 388 3084; x_wconf 78' lang='lat' dir='ltr'>noserae</span> <span class='ocrx_word' id='word_1_154' title='bbox 416 3017 661 3084; x_wconf 85' lang='lat' dir='ltr'>Cantuariensis</span> <span class='ocrx_word' id='word_1_155' title='bbox 691 3019 869 3103; x_wconf 65' lang='lat' dir='ltr'>provinciae</span> <span class='ocrx_word' id='word_1_156' title='bbox 899 3018 1121 3104; x_wconf 82' lang='lat' dir='ltr'>suffraganeis,</span> <span class='ocrx_word' id='word_1_157' title='bbox 1148 3018 1189 3084; x_wconf 92' lang='lat' dir='ltr'>de</span> <span class='ocrx_word' id='word_1_158' title='bbox 1217 3020 1320 3084; x_wconf 88' lang='lat' dir='ltr'>verbo</span> 
     </span>
     <span class='ocr_line' id='line_1_24' title="bbox 267 3119 1318 3198; baseline 0.001 -14"><span class='ocrx_word' id='word_1_159' title='bbox 267 3121 310 3184; x_wconf 86' lang='lat' dir='ltr'>ad</span> <span class='ocrx_word' id='word_1_160' title='bbox 335 3121 472 3185; x_wconf 90' lang='lat' dir='ltr'>verbum</span> <span class='ocrx_word' id='word_1_161' title='bbox 499 3119 631 3184; x_wconf 85' lang='lat' dir='ltr'>rescribi</span> <span class='ocrx_word' id='word_1_162' title='bbox 651 3124 686 3184; x_wconf 90' lang='lat' dir='ltr'>et</span> <span class='ocrx_word' id='word_1_163' title='bbox 706 3121 864 3185; x_wconf 85' lang='lat' dir='ltr'>innotesci</span> <span class='ocrx_word' id='word_1_164' title='bbox 879 3121 1031 3186; x_wconf 83' lang='lat' dir='ltr'>volumus</span> <span class='ocrx_word' id='word_1_165' title='bbox 1055 3124 1090 3184; x_wconf 91' lang='lat' dir='ltr'>et</span> <span class='ocrx_word' id='word_1_166' title='bbox 1112 3120 1318 3198; x_wconf 77' lang='lat' dir='ltr'>mandamus,</span> 
     </span>
     <span class='ocr_line' id='line_1_25' title="bbox 267 3221 1320 3308; baseline 0.002 -22"><span class='ocrx_word' id='word_1_167' title='bbox 267 3227 306 3286; x_wconf 90' lang='lat' dir='ltr'>ut</span> <span class='ocrx_word' id='word_1_168' title='bbox 330 3222 401 3307; x_wconf 89' lang='lat' dir='ltr'>ipsi,</span> <span class='ocrx_word' id='word_1_169' title='bbox 419 3243 530 3286; x_wconf 83' lang='lat' dir='ltr'>omnes</span> <span class='ocrx_word' id='word_1_170' title='bbox 554 3226 588 3285; x_wconf 90' lang='lat' dir='ltr'>et</span> <span class='ocrx_word' id='word_1_171' title='bbox 608 3221 736 3308; x_wconf 83' lang='lat' dir='ltr'>singuli,</span> <span class='ocrx_word' id='word_1_172' title='bbox 753 3244 812 3308; x_wconf 92' lang='lat' dir='ltr'>per</span> <span class='ocrx_word' id='word_1_173' title='bbox 836 3244 911 3287; x_wconf 86' lang='lat' dir='ltr'>suas</span> <span class='ocrx_word' id='word_1_174' title='bbox 931 3222 1082 3287; x_wconf 86' lang='lat' dir='ltr'>civitates</span> <span class='ocrx_word' id='word_1_175' title='bbox 1106 3226 1141 3286; x_wconf 92' lang='lat' dir='ltr'>et</span> <span class='ocrx_word' id='word_1_176' title='bbox 1155 3222 1320 3301; x_wconf 73' lang='lat' dir='ltr'>dioeoesos,</span> 
     </span>
     <span class='ocr_line' id='line_1_26' title="bbox 267 3322 1320 3410; baseline 0.002 -22"><span class='ocrx_word' id='word_1_177' title='bbox 267 3324 402 3388; x_wconf 87' lang='lat' dir='ltr'>modum</span> <span class='ocrx_word' id='word_1_178' title='bbox 425 3329 459 3388; x_wconf 88' lang='lat' dir='ltr'>et</span> <span class='ocrx_word' id='word_1_179' title='bbox 475 3322 613 3388; x_wconf 89' lang='lat' dir='ltr'>formam</span> <span class='ocrx_word' id='word_1_180' title='bbox 636 3324 735 3409; x_wconf 88' lang='lat' dir='ltr'>hujus</span> <span class='ocrx_word' id='word_1_181' title='bbox 757 3324 861 3388; x_wconf 80' lang='lat' dir='ltr'>nostri</span> <span class='ocrx_word' id='word_1_182' title='bbox 883 3344 1054 3410; x_wconf 88' lang='lat' dir='ltr'>processcs,</span> <span class='ocrx_word' id='word_1_183' title='bbox 1071 3324 1195 3393; x_wconf 82' lang='lat' dir='ltr'>dictam</span> <span class='ocrx_word' id='word_1_184' title='bbox 1218 3325 1320 3390; x_wconf 86' lang='lat' dir='ltr'>etiam</span> 
     </span>
     <span class='ocr_line' id='line_1_27' title="bbox 266 3425 1323 3513; baseline 0.002 -23"><span class='ocrx_word' id='word_1_185' title='bbox 266 3449 325 3512; x_wconf 88' lang='lat' dir='ltr'>pcr</span> <span class='ocrx_word' id='word_1_186' title='bbox 350 3448 409 3490; x_wconf 87' lang='lat' dir='ltr'>nos</span> <span class='ocrx_word' id='word_1_187' title='bbox 439 3426 542 3490; x_wconf 87' lang='lat' dir='ltr'>latam</span> <span class='ocrx_word' id='word_1_188' title='bbox 568 3425 774 3505; x_wconf 85' lang='lat' dir='ltr'>sententiam,</span> <span class='ocrx_word' id='word_1_189' title='bbox 800 3432 834 3491; x_wconf 91' lang='lat' dir='ltr'>et</span> <span class='ocrx_word' id='word_1_190' title='bbox 864 3432 970 3491; x_wconf 85' lang='lat' dir='ltr'>cetera</span> <span class='ocrx_word' id='word_1_191' title='bbox 994 3426 1105 3490; x_wconf 85' lang='lat' dir='ltr'>omnia</span> <span class='ocrx_word' id='word_1_192' title='bbox 1130 3431 1166 3492; x_wconf 93' lang='lat' dir='ltr'>et</span> <span class='ocrx_word' id='word_1_193' title='bbox 1189 3427 1323 3513; x_wconf 81' lang='lat' dir='ltr'>singula</span> 
     </span>
     <span class='ocr_line' id='line_1_28' title="bbox 267 3527 1321 3614; baseline 0.002 -21"><span class='ocrx_word' id='word_1_194' title='bbox 267 3533 422 3593; x_wconf 82' lang='lat' dir='ltr'>contenta</span> <span class='ocrx_word' id='word_1_195' title='bbox 452 3529 487 3591; x_wconf 91' lang='lat' dir='ltr'>in</span> <span class='ocrx_word' id='word_1_196' title='bbox 518 3527 638 3593; x_wconf 89' lang='lat' dir='ltr'>eisdem</span> <span class='ocrx_word' id='word_1_197' title='bbox 677 3528 853 3614; x_wconf 89' lang='lat' dir='ltr'>publicent,</span> <span class='ocrx_word' id='word_1_198' title='bbox 885 3529 1043 3593; x_wconf 90' lang='lat' dir='ltr'>intiment</span> <span class='ocrx_word' id='word_1_199' title='bbox 1079 3534 1113 3593; x_wconf 94' lang='lat' dir='ltr'>ct</span> <span class='ocrx_word' id='word_1_200' title='bbox 1143 3529 1321 3606; x_wconf 88' lang='lat' dir='ltr'>declarent,</span> 
     </span>
     <span class='ocr_line' id='line_1_29' title="bbox 268 3630 1322 3716; baseline 0.005 -22"><span class='ocrx_word' id='word_1_201' title='bbox 268 3635 302 3695; x_wconf 90' lang='lat' dir='ltr'>et</span> <span class='ocrx_word' id='word_1_202' title='bbox 339 3630 553 3696; x_wconf 89' lang='lat' dir='ltr'>consimiliter</span> <span class='ocrx_word' id='word_1_203' title='bbox 589 3651 648 3716; x_wconf 89' lang='lat' dir='ltr'>per</span> <span class='ocrx_word' id='word_1_204' title='bbox 685 3630 834 3696; x_wconf 89' lang='lat' dir='ltr'>subditos</span> <span class='ocrx_word' id='word_1_205' title='bbox 865 3652 940 3697; x_wconf 88' lang='lat' dir='ltr'>suos</span> <span class='ocrx_word' id='word_1_206' title='bbox 969 3636 1004 3695; x_wconf 94' lang='lat' dir='ltr'>et</span> <span class='ocrx_word' id='word_1_207' title='bbox 1034 3636 1165 3696; x_wconf 84' lang='lat' dir='ltr'>curatos</span> <span class='ocrx_word' id='word_1_208' title='bbox 1196 3631 1322 3699; x_wconf 85' lang='lat' dir='ltr'>faciant</span> 
     </span>
     <span class='ocr_line' id='line_1_30' title="bbox 268 3733 435 3818; baseline 0 -22"><span class='ocrx_word' id='word_1_209' title='bbox 268 3733 435 3818; x_wconf 84' lang='lat' dir='ltr'>publicari</span> 
     </span>
    </p>

    <p class='ocr_par' dir='ltr' id='par_1_5' title="bbox 266 3834 1324 4329">
     <span class='ocr_line' id='line_1_31' title="bbox 313 3834 1323 3922; baseline 0.005 -25"><span class='ocrx_word' id='word_1_210' title='bbox 313 3834 364 3900; x_wconf 93' lang='lat' dir='ltr'>De</span> <span class='ocrx_word' id='word_1_211' title='bbox 380 3835 431 3899; x_wconf 91' lang='lat' dir='ltr'>dic</span> <span class='ocrx_word' id='word_1_212' title='bbox 451 3855 529 3899; x_wconf 90' lang='lat' dir='ltr'>vcro</span> <span class='ocrx_word' id='word_1_213' title='bbox 553 3834 746 3921; x_wconf 89' lang='lat' dir='ltr'>receptionis</span> <span class='ocrx_word' id='word_1_214' title='bbox 771 3836 990 3922; x_wconf 88' lang='lat' dir='ltr'>prsescntium,</span> <span class='ocrx_word' id='word_1_215' title='bbox 1016 3840 1050 3900; x_wconf 87' lang='lat' dir='ltr'>et</span> <span class='ocrx_word' id='word_1_216' title='bbox 1071 3835 1155 3920; x_wconf 90' lang='lat' dir='ltr'>quid</span> <span class='ocrx_word' id='word_1_217' title='bbox 1177 3835 1323 3902; x_wconf 82' lang='lat' dir='ltr'>feceritis</span> 
     </span>
     <span class='ocr_line' id='line_1_32' title="bbox 267 3937 1322 4021; baseline 0.004 -21"><span class='ocrx_word' id='word_1_218' title='bbox 267 3937 302 4000; x_wconf 92' lang='lat' dir='ltr'>in</span> <span class='ocrx_word' id='word_1_219' title='bbox 340 3937 522 4021; x_wconf 65' lang='lat' dir='ltr'>premissis,</span> <span class='ocrx_word' id='word_1_220' title='bbox 570 3941 605 4000; x_wconf 89' lang='lat' dir='ltr'>et</span> <span class='ocrx_word' id='word_1_221' title='bbox 641 3937 803 4021; x_wconf 90' lang='lat' dir='ltr'>quomodo</span> <span class='ocrx_word' id='word_1_222' title='bbox 841 3937 902 4002; x_wconf 89' lang='lat' dir='ltr'>hoc</span> <span class='ocrx_word' id='word_1_223' title='bbox 938 3941 1086 4001; x_wconf 85' lang='lat' dir='ltr'>nostrum</span> <span class='ocrx_word' id='word_1_224' title='bbox 1125 3938 1322 4004; x_wconf 82' lang='lat' dir='ltr'>mandatum</span> 
     </span>
     <span class='ocr_line' id='line_1_33' title="bbox 266 4038 1323 4116; baseline 0.003 -14"><span class='ocrx_word' id='word_1_225' title='bbox 266 4039 395 4104; x_wconf 90' lang='lat' dir='ltr'>fueritis</span> <span class='ocrx_word' id='word_1_226' title='bbox 433 4043 467 4104; x_wconf 90' lang='lat' dir='ltr'>et</span> <span class='ocrx_word' id='word_1_227' title='bbox 497 4039 620 4103; x_wconf 86' lang='lat' dir='ltr'>fuerint</span> <span class='ocrx_word' id='word_1_228' title='bbox 650 4039 787 4116; x_wconf 87' lang='lat' dir='ltr'>executi,</span> <span class='ocrx_word' id='word_1_229' title='bbox 813 4038 922 4104; x_wconf 87' lang='lat' dir='ltr'>debite</span> <span class='ocrx_word' id='word_1_230' title='bbox 953 4044 988 4104; x_wconf 90' lang='lat' dir='ltr'>et</span> <span class='ocrx_word' id='word_1_231' title='bbox 1016 4039 1171 4106; x_wconf 87' lang='lat' dir='ltr'>distincte</span> <span class='ocrx_word' id='word_1_232' title='bbox 1200 4041 1323 4107; x_wconf 88' lang='lat' dir='ltr'>certifi-</span> 
     </span>
     <span class='ocr_line' id='line_1_34' title="bbox 268 4140 1324 4226; baseline 0.002 -21"><span class='ocrx_word' id='word_1_233' title='bbox 268 4141 356 4219; x_wconf 87' lang='lat' dir='ltr'>cetis,</span> <span class='ocrx_word' id='word_1_234' title='bbox 396 4145 431 4204; x_wconf 92' lang='lat' dir='ltr'>et</span> <span class='ocrx_word' id='word_1_235' title='bbox 475 4140 663 4217; x_wconf 85' lang='lat' dir='ltr'>certificent,</span> <span class='ocrx_word' id='word_1_236' title='bbox 703 4141 790 4206; x_wconf 90' lang='lat' dir='ltr'>dicto</span> <span class='ocrx_word' id='word_1_237' title='bbox 835 4141 968 4226; x_wconf 88' lang='lat' dir='ltr'>negotio</span> <span class='ocrx_word' id='word_1_238' title='bbox 1013 4142 1171 4226; x_wconf 81' lang='lat' dir='ltr'>expedito</span> <span class='ocrx_word' id='word_1_239' title='bbox 1217 4142 1324 4207; x_wconf 87' lang='lat' dir='ltr'>literis</span> 
     </span>
     <span class='ocr_line' id='line_1_35' title="bbox 268 4241 1322 4329; baseline 0.002 -21"><span class='ocrx_word' id='word_1_240' title='bbox 268 4242 385 4308; x_wconf 87' lang='lat' dir='ltr'>vestris</span> <span class='ocrx_word' id='word_1_241' title='bbox 416 4246 450 4308; x_wconf 90' lang='lat' dir='ltr'>et</span> <span class='ocrx_word' id='word_1_242' title='bbox 480 4243 547 4307; x_wconf 86' lang='lat' dir='ltr'>suis</span> <span class='ocrx_word' id='word_1_243' title='bbox 577 4243 775 4329; x_wconf 78' lang='lat' dir='ltr'>patentibus,</span> <span class='ocrx_word' id='word_1_244' title='bbox 807 4241 1006 4308; x_wconf 87' lang='lat' dir='ltr'>habentibus</span> <span class='ocrx_word' id='word_1_245' title='bbox 1035 4242 1123 4308; x_wconf 91' lang='lat' dir='ltr'>hunc</span> <span class='ocrx_word' id='word_1_246' title='bbox 1162 4249 1322 4310; x_wconf 90' lang='lat' dir='ltr'>tenorem.</span> 
     </span>
    </p>
   </div>
   <div class='ocr_carea' id='block_1_4' title="bbox 271 4424 478 4432">
    <p class='ocr_par' dir='ltr' id='par_1_6' title="bbox 271 4424 478 4432">
     <span class='ocr_line' id='line_1_36' title="bbox 271 4424 478 4432; baseline 0 0"><span class='ocrx_word' id='word_1_247' title='bbox 271 4424 478 4432; x_wconf 53' lang='grc' dir='ltr'>»οι-*-</span> 
     </span>
    </p>
   </div>
   <div class='ocr_carea' id='block_1_5' title="bbox 269 4536 1279 4681">
    <p class='ocr_par' dir='ltr' id='par_1_7' title="bbox 269 4536 1279 4681">
     <span class='ocr_line' id='line_1_37' title="bbox 309 4536 1211 4602; baseline 0.003 -17"><span class='ocrx_word' id='word_1_248' title='bbox 309 4537 315 4567; x_wconf 87' lang='lat'>¹</span> <span class='ocrx_word' id='word_1_249' title='bbox 343 4536 496 4602; x_wconf 79' lang='lat' dir='ltr'>mandamus]</span> <span class='ocrx_word' id='word_1_250' title='bbox 559 4540 768 4599; x_wconf 81' lang='lat' dir='ltr'>commendamus,</span> <span class='ocrx_word' id='word_1_251' title='bbox 851 4536 991 4601; x_wconf 56' lang='grc' dir='ltr'>’κων-απ]</span> <span class='ocrx_word' id='word_1_252' title='bbox 1004 4542 1120 4595; x_wconf 77' lang='lat' dir='ltr'>vestrm.</span> <span class='ocrx_word' id='word_1_253' title='bbox 1130 4536 1211 4588; x_wconf 76' lang='lat' dir='ltr'>che.</span> 
     </span>
     <span class='ocr_line' id='line_1_38' title="bbox 269 4614 1279 4681; baseline 0.003 -15"><span class='ocrx_word' id='word_1_254' title='bbox 269 4616 347 4666; x_wconf 82' lang='lat' dir='ltr'>che.</span> <span class='ocrx_word' id='word_1_255' title='bbox 852 4614 1279 4681; x_wconf 62' lang='lat' dir='ltr'>¹quam1quemacmocmoxe.</span> 
     </span>
    </p>
   </div>
   <div class='ocr_carea' id='block_1_6' title="bbox 0 0 1594 5490">
    <p class='ocr_par' dir='ltr' id='par_1_8' title="bbox 0 0 1594 5490">
     <span class='ocr_line' id='line_1_39' title="bbox 0 0 1594 5490; baseline 0 0"><span class='ocrx_word' id='word_1_256' title='bbox 0 0 1594 5490; x_wconf 95' lang='lat' dir='ltr'> </span> 
     </span>
    </p>
   </div>
  </div>
 </body>
</html>
