3008 5490
547 721 729 771 risulcum
752 721 974 771 zrzinionuu.
1214 712 1277 774 189

232 920 267 981 et
303 913 373 978 vini
406 932 482 997 quae
515 915 594 974 ente
627 909 767 986 fuerunt,
805 916 883 974 sunt
918 909 1076 975 vooebule
1111 912 1203 996 panis
1244 917 1279 978 et

229 1037 305 1081 vnn

270 1114 460 1181 Seormdum
476 1113 627 1197 estquod
649 1112 833 1177 substantie
853 1113 946 1198 penis
963 1135 1036 1198 quae
1056 1114 1195 1199 praefirit,
1211 1137 1278 1180 non

228 1221 341 1282 munet
367 1221 444 1301 post
467 1214 745 1289 oonseerntionem,
772 1211 840 1279 sed¹
863 1213 967 1278 solum
990 1213 1060 1298 ejus
1079 1216 1198 1300 species
1224 1217 1277 1281 vel

229 1317 439 1394 similitud03
476 1313 578 1400 quis⁹
606 1315 634 1379 si
664 1315 716 1389 sio,
747 1314 869 1378 frustra
897 1315 1064 1391 diceretur,
1094 1319 1214 1401 species
1244 1322 1279 1382 et

227 1417 415 1483 similitudo
458 1415 588 1480 illorum
632 1436 740 1480 rerum
777 1415 935 1480 voeabula
971 1422 1048 1480 sunt
1087 1439 1159 1502 quae
1201 1424 1278 1482 anto

229 1519 372 1594 filerunt,
402 1517 475 1602 plus
504 1538 604 1602 quam
641 1516 801 1581 diceretur
853 1518 941 1600 quod
992 1522 1070 1580 sunt
1121 1519 1279 1582 voeabula

231 1615 358 1682 remm³
387 1638 460 1701 quae
486 1616 557 1701 jum
595 1623 680 1681 sunt.
734 1616 875 1681 Videtur
897 1616 997 1681 enim⁴
1027 1617 1067 1680 de
1098 1618 1280 1683 intentione

231 1717 368 1784 ourionis
397 1718 482 1802 quod
509 1718 627 1802 aliquae
658 1739 708 1782 res
734 1717 868 1782 fuenmt
898 1723 974 1781 ante
1000 1720 1278 1793 consecrationem,

231 1819 356 1884 scilieet
380 1818 475 1904 punis
504 1824 539 1883 et
569 1815 708 1895 vinum‚⁶
738 1839 811 1902 quse
842 1839 909 1882 non
946 1824 1024 1882 sunt
1060 1825 1135 1903 post
1172 1841 1280 1884 eonse-

228 1920 417 1996 erutionem,
449 1923 484 1983 et
521 1920 608 2003 quod
652 1919 782 1982 illumm
819 1941 926 1983 rerum
964 1919 1122 1985 voeabula
1165 1926 1280 1985 tenent

226 2020 349 2107 species
387 2024 423 2084 et
452 2019 632 2084 similitudo
672 2019 802 2083 illorum
832 2041 939 2085 rerum
974 2027 1176 2087 remanentes
1206 2028 1280 2107 post

230 2116 528 2186 consecrationem⁰
582 2120 705 2185 Tamen
743 2120 820 2204 quio
856 2122 1031 2187 secundum
1068 2124 1168 2188 istum
1206 2125 1280 2189 doc-

232 2227 338 2288 torem
370 2222 406 2284 in
438 2221 561 2285 talibus
585 2221 810 2298 locutionibus,
834 2224 926 2308 panis
960 2231 1009 2289 est
1042 2232 1279 2290 sacramentum

228 2323 352 2398 altoris,
380 2322 445 2398 vel,
463 2322 561 2407 ¹penis
591 2327 641 2385 est
670 2343 782 2407 eorpus
814 2322 944 2399 Christi,
965 2332 998 2389 et
1020 2327 1187 2403 similibus,
1212 2348 1280 2391 non

229 2424 387 2508 supponit
408 2423 472 2487 iste
495 2423 653 2487 terminus
675 2424 770 2508 penis
789 2445 847 2508 pro
869 2425 1081 2490 similitudine
1104 2428 1212 2510 alique
1226 2427 1280 2490 vel

230 2525 399 2588 aooidente
435 2521 512 2588 elio⁷
534 2524 635 2609 penis,
674 2524 731 2587 sed
767 2524 871 2587 solum
905 2546 963 2609 pro
999 2546 1082 2608 pene
1120 2527 1282 2590 materiali

230 2622 441 2690 remanente⁸
463 2630 537 2710 post
562 2625 856 2702 eonsecrationem3
887 2629 921 2687 et
947 2624 1095 2688 similiter
1125 2626 1164 2689 de
1194 2624 1283 2689 isto⁹

229 2726 375 2790 termino
397 2726 534 2804 vinum;
556 2747 632 2810 ergo
661 2725 780 2810 species
807 2730 840 2788 et
870 2724 1048 2789 similitudo
1070 2725 1124 2788 vel
1149 2723 1283 2809 eliquo¹⁰

231 2827 414 2892 aocidentiu
458 2849 525 2892 non
565 2832 643 2890 sunt
682 2825 839 2890 vocabule
883 2825 1011 2889 illarum
1055 2847 1163 2889 rerum
1208 2847 1281 2910 quae

231 2933 312 2993 ante
335 2928 476 3003 fuenmt,
492 2928 614 2992 seilicet
634 2927 727 3012 panis
753 2926 900 2991 etvini:
926 2932 960 2990 et
986 2926 1031 2990 sio
1060 2948 1163 2991 conon
1193 2925 1280 2991 erit¹¹

230 3031 393 3105 sanuses
415 3030 514 3094 etiam
535 3029 709 3114 praedictus
733 3029 843 3092 doctor
870 3027 1065 3112 Gregorius;
1094 3027 1146 3091 vel
1173 3027 1282 3112 opinio

229 3132 327 3195 istius
363 3128 545 3214 Wyclyffi¹2
601 3127 667 3195 Sed
703 3129 878 3192 secundum
916 3128 1047 3192 videtur
1083 3128 1283 3193 tolerabilius

231 3231 481 3296 eoncedendum

278 3332 367 3396 Item
399 3332 486 3416 quod
516 3331 701 3395 substantia
726 3330 819 3415 punis
845 3331 1021 3395 materialis
1051 3353 1123 3417 quae
1150 3331 1282 3418 praefuit
1294 3342 1438 3409 Augustino

230 3438 310 3497 ante
341 3433 615 3497 consecrationem
641 3429 734 3496 non¹³
750 3438 860 3495 manet
885 3438 958 3516 post
988 3435 1258 3499 consecrationem
1274 3411 1425 3529 ἥξω·

230 3555 382 3618 expresse
408 3538 500 3618 patet
526 3555 568 3596 ex
593 3532 700 3595 verbis
720 3537 754 3596 et
774 3533 955 3598 intentione
983 3534 1019 3599 B.
1041 3534 1218 3620 Augustini
1242 3537 1282 3600 de

231 3635 344 3699 verbis
370 3635 511 3710 Domini,
535 3633 688 3697 Sermone
705 3636 769 3696 28:
794 3639 828 3697 et
851 3635 989 3698 eundem
1016 3633 1231 3711 sermonem,¹⁴
1248 3643 1282 3701 et

232 3737 328 3820 quasi
366 3736 478 3799 eudem
507 3734 609 3797 verba
645 3735 738 3818 ponit
767 3734 958 3799 Ambrosius
991 3735 1074 3800 libro
1105 3735 1145 3799 de
1170 3736 1281 3802 Suom?

266 4063 274 4091 ¹
287 4061 342 4125 sed]
362 4063 391 4121 si,
403 4064 435 4112 D.
813 4069 822 4096 ³
833 4067 896 4135 alio]
916 4071 1023 4136 perhaps
1034 4071 1125 4135 aliquo.

266 4140 360 4204 ’φαίη
380 4141 429 4204 qui,
442 4142 475 4190 A.
812 4150 978 4213 'tentonemd
998 4158 1158 4212 remanente,
1172 4151 1201 4202 E.

267 4219 278 4246 ¹
290 4217 529 4285 vocabulo—rerum]
549 4236 598 4269 om.
610 4220 644 4270 A.
812 4226 892 4290 ‘ieto]
911 4226 962 4286 illo,
975 4228 1007 4285 D,
1019 4228 1049 4278 Ε.

267 4297 277 4324 ⁴
288 4296 361 4361 subn]
382 4312 430 4346 om.
443 4298 477 4357 Α,
489 4299 518 4358 Ε,
536 4301 585 4348 and
605 4299 650 4349 ins.
671 4299 735 4350 aner
814 4304 832 4332 ¹·
842 4301 939 4368 aliquo]
958 4305 1040 4370 ulique
1051 4305 1107 4368 aliu,
1118 4307 1151 4368 D,
1159 4307 1189 4359 Ε.

236 4375 336 4422 cunonis
812 4382 831 4491 ζ
842 4382 901 4509 eppe]
906 4391 964 4526 ὢ,
975 4383 1030 4512 ἴῃ
1048 4462 1073 4513 A

727 4575 732 4586 .
813 4539 831 4569 ¹¹
843 4478 906 4604 nodi
922 4463 970 4590 omi
982 4542 1015 4600 D,
1029 4542 1059 4591 n.
1077 4501 1084 4515 ο

814 4618 833 4648 ¹³
843 4625 867 4667 et
877 4619 973 4670 eundem
984 4620 1123 4686 sermonem]
1137 4635 1186 4672 om.
1197 4621 1230 4684 D,
1242 4621 1273 4672 n.
