3008 5490
535 771 660 824 ruscis
682 775 754 824 run
777 774 992 829 nocunrms.
1220 768 1289 834 too

230 958 452 1045 repugnantia
483 965 533 1024 est
562 982 621 1046 pro
646 962 759 1026 eadem
783 984 942 1039 mensuro,
970 970 1005 1029 et
1030 972 1177 1051 respectu
1201 967 1284 1053 ejus-

231 1059 308 1125 dem
322 1061 346 1139 ;¹
370 1083 413 1125 ex
428 1062 549 1146 quibus
564 1084 642 1127 vere
663 1062 829 1129 concludit
844 1065 932 1150 quod
956 1087 1013 1151 pro
1029 1067 1118 1131 omni
1133 1089 1284 1136 mensure

230 1168 396 1249 repugnat
413 1163 521 1246 Deum
537 1163 659 1230 intueri
674 1185 698 1228 o
713 1168 747 1229 et
770 1165 878 1251 ipsum
893 1188 917 1231 c
939 1187 1005 1231 non
1023 1189 1111 1244 esse;
1135 1170 1284 1256 sequitur

230 1264 321 1328 enim
343 1264 527 1330 formaliter
541 1264 633 1331 Deus
649 1266 797 1332 intuetur
819 1289 850 1343 o,
875 1289 951 1354 ergo
966 1290 989 1332 a
1011 1274 1069 1334 est.
1115 1269 1183 1336 Sed
1199 1273 1284 1337 ulte·

229 1366 300 1431 rius
322 1366 433 1452 arguit
456 1388 498 1431 ex
521 1367 740 1452 consequenti,
766 1367 855 1433 Deus
878 1391 965 1434 nunc
987 1370 1136 1435 intuetur
1151 1393 1181 1447 a,
1206 1394 1282 1459 ergo

229 1488 254 1531 a
268 1488 357 1532 nune
372 1474 429 1532 est.
476 1467 542 1532 Sed
566 1469 667 1533 miror
684 1491 725 1533 ex
748 1490 814 1555 quo
835 1469 927 1535 fonte
949 1472 1098 1536 manavit
1121 1473 1186 1537 ists
1208 1496 1282 1538 oon·

229 1569 424 1654 sequentin3
458 1591 534 1634 curn
564 1570 676 1634 omniu
696 1570 863 1656 possibilia
889 1593 955 1635 non
986 1571 1163 1638 existentia
1188 1580 1281 1639 ceter·

229 1670 353 1735 nnliter
389 1674 476 1746 sunt,
515 1677 550 1737 et
587 1693 757 1756 nunquam
795 1694 863 1736 non
900 1679 998 1752 sunt;
1043 1675 1210 1759 praeterite
1247 1680 1281 1739 et

228 1771 344 1838 futuru
364 1765 541 1858 aliquando
564 1779 650 1852 sunt,
675 1779 710 1839 et
732 1773 909 1859 aliquando
939 1796 1004 1839 non
1031 1780 1116 1851 suut,
1144 1782 1183 1842 ut
1205 1798 1280 1841 vers

229 1873 413 1960 loquuntur
434 1880 504 1939 tem
527 1875 721 1961 philosophi,
745 1897 844 1961 quam
866 1875 1018 1961 theologi

276 1979 305 2041 3.
329 1975 440 2041 Tertio
471 1978 609 2041 assumit
636 1976 760 2041 Doctor
789 1976 877 2062 quod
900 1976 1028 2041 nullum
1051 1983 1196 2042 ereetum
1222 2000 1280 2043 ne·

228 2098 316 2143 cesse
338 2083 389 2142 est
411 2099 479 2143 esse
494 2077 603 2143 Deum
619 2077 760 2154 intueri;
783 2099 825 2142 ex
840 2099 904 2163 quo
920 2078 1084 2144 concludit
1105 2079 1278 2146 intentum.

230 2179 297 2246 Sed
326 2202 411 2266 nego
449 2179 615 2264 mojorem,
653 2202 727 2243 curn
764 2201 859 2244 omne
896 2187 1042 2245 erectum
1072 2202 1199 2247 necesse
1229 2188 1280 2248 est

229 2303 298 2347 esse
328 2281 520 2347 necemitete
551 2304 593 2345 ex
623 2281 853 2366 suppositione,
893 2287 928 2346 et
964 2282 1097 2368 aliquod
1133 2290 1278 2348 meatum

228 2382 378 2451 obsolute
399 2403 529 2448 necesse
547 2387 597 2447 est
617 2382 766 2458 existere,
791 2381 914 2447 scilicet
936 2382 1124 2463 Christum
1147 2407 1205 2449 nec
1227 2391 1277 2450 est

227 2485 336 2550 minor
364 2507 444 2550 vers
472 2486 515 2550 ad
545 2485 646 2550 istum
677 2506 807 2549 sensum
838 2485 925 2570 quod
956 2485 1103 2549 obsolute
1135 2506 1278 2551 necesse·

226 2588 315 2652 rium
336 2594 387 2653 est
411 2587 518 2652 Deum
541 2585 664 2651 intueri
687 2585 832 2671 aliquem
855 2591 1060 2663 erecturum
1081 2587 1139 2650 sed
1163 2607 1275 2671 qnem-

226 2689 310 2754 lihet
341 2694 522 2754 creaturam
561 2710 635 2773 quae
666 2709 732 2751 non
770 2692 821 2752 est
859 2687 1010 2752 Christus
1048 2688 1276 2773 contingenter

226 2791 272 2856 ed
300 2791 493 2856 utrumlibet
522 2791 680 2866 intuetur,
704 2789 783 2854 lieet
805 2788 930 2854 nullam
961 2794 1144 2854 erecturam
1173 2790 1275 2875 possit

225 2893 368 2978 incipere
390 2893 444 2958 vel
466 2893 612 2957 desinere
635 2891 763 2956 intueri

271 2993 421 3059 Ulterius
460 2994 636 3079 distinguit
666 2993 791 3058 Doctor
819 2993 860 3057 de
886 2993 1059 3079 praesenti3
1098 2992 1274 3058 concedens

225 3097 314 3188 quod
328 3119 379 3161 res
396 3102 447 3161 est
461 3095 532 3160 Deo
547 3118 696 3182 praesens,
721 3099 880 3160 ettamen
896 3117 962 3159 non
977 3100 1035 3160 est.
1080 3093 1147 3159 Sed
1160 3115 1275 3159 revere

225 3220 285 3263 nec
314 3197 527 3285 grammatice
551 3219 612 3262 nee
641 3198 745 3282 logica
774 3218 833 3260 nec
859 3196 994 3282 physice
1023 3201 1132 3281 potest
1161 3217 1273 3281 cepere

224 3301 328 3365 istum
342 3321 492 3364 sensum:
526 3300 599 3364 ideo
626 3321 701 3363 vere
728 3299 808 3363 dicit
833 3297 957 3362 Doctor
979 3298 1068 3382 quod
1094 3296 1175 3361 tulin
1200 3317 1273 3382 pos

224 3402 334 3466 sibilis
355 3423 422 3466 non
444 3408 530 3476 sunt,
557 3401 622 3464 nisi
648 3400 826 3464 secundum
848 3421 916 3463 esse
944 3399 1152 3484 objectivum,
1184 3398 1272 3482 quod

224 3503 401 3589 improprie
431 3503 552 3568 dicitur
581 3502 671 3575 illud
703 3502 767 3566 nisi
804 3501 973 3586 signanter
1009 3499 1074 3563 fuit
1111 3499 1272 3563 additum,

225 3604 453 3669 Universclin²
486 3611 597 3668 autem
628 3603 797 3689 possibilie
829 3609 907 3666 sunt
929 3602 1059 3687 proprie
1092 3601 1273 3665 seeundum

225 3728 293 3772 esse
322 3699 537 3791 intelligibile,
560 3706 637 3769 licet
667 3727 727 3768 nos
749 3704 924 3789 improprie
947 3704 1118 3786 loquemur
1147 3703 1188 3766 de
1217 3703 1271 3766 eis

226 3808 331 3890 Omne
361 3830 438 3893 ergo
468 3808 557 3892 quod
588 3814 638 3871 est
665 3828 807 3891 praesens
833 3806 904 3869 Deo
926 3812 984 3879 est,
1013 3808 1053 3867 ut
1074 3803 1272 3888 hujusmodi,

224 3917 343 3996 praesto
374 3910 482 3973 sensui
513 3908 637 3986 divino,
668 3913 708 3971 ut
742 3907 949 3992 Augustinus
978 3902 1182 3969 accusat!
1226 3904 1273 3968 Et

224 4033 283 4097 per
315 4011 378 4075 Dei
400 4011 548 4096 gretiam,
581 4011 608 4073 si
641 4017 691 4076 est
721 4013 840 4094 praeto
862 4008 970 4074 sensui
994 4006 1115 4082 divino,
1139 4005 1192 4069 vel
1215 4003 1272 4069 hc·

224 4113 329 4188 minis,
353 4119 434 4178 tuno
456 4118 513 4177 est

258 4437 537 4503 'diffamante
746 4433 750 4467 ⁵
802 4436 933 4500 Ἀιςωι
952 4432 1031 4498 m
1048 4437 1102 4486 1⁴7.
1128 4432 1171 4483 Au
1186 4431 1269 4484 lcul-

256 4514 449 4580 ¹Univemlic]
473 4517 534 4576 vlia,
563 4514 628 4574 lis,
648 4529 725 4579 eppe·
746 4472 751 4557 Ι
770 4530 838 4565 num
872 4512 1103 4577 &cancroma

223 4593 318 4657 ready:
337 4593 380 4643 the
397 4594 469 4644 ml
479 4594 661 4653 sbhrainion
679 4595 724 4642 but
746 4616 751 4653 t

224 4671 509 4738 icnweelylcgnle.
747 4670 750 4677 ’
