3158 5490
669 724 939 776 ramonronos.
1253 702 1314 781 lvii

262 907 280 933 ‘⁴
296 920 356 984 per
384 920 419 963 ee
448 920 525 974 esee
557 919 618 963 neo
643 905 793 964 remanet
818 900 998 964 seeundum
1020 900 1147 985 aliquid
1171 902 1232 979 sui,
1253 923 1313 967 nee

260 1010 279 1035 ‘⁴
294 1002 516 1086 corrumpitur
537 1002 574 1064 in
588 1000 789 1088 impotentia
803 1003 962 1082 materiae,
978 1024 1052 1067 oum
1073 1024 1141 1067 non
1161 1003 1314 1068 educitur

261 1112 280 1136 “
294 1103 337 1166 de
350 1104 500 1188 potentia
514 1104 671 1180 materiae,
688 1104 745 1168 sed
760 1108 912 1180 oreatus-3
934 1109 969 1169 et
990 1103 1062 1168 loeo
1084 1104 1154 1188 ejus
1167 1106 1313 1170 sirooedit

259 1214 276 1238 “
292 1205 439 1290 privatio
456 1205 534 1282 sola
549 1205 674 1270 scilieet
688 1212 856 1291 peceatum
871 1205 925 1270 vel
939 1228 1039 1293 poena
1052 1206 1174 1272 damni
1218 1206 1313 1272 Tales

259 1306 473 1372 “evidentiae
494 1307 610 1372 multae
631 1309 827 1394 exoogitatae
849 1314 937 1384 sunt,
968 1312 1103 1394 propter
1132 1329 1214 1394 quae
1244 1331 1313 1376 ere·

261 1415 281 1442 “
295 1408 389 1472 ditur
408 1409 497 1493 qnod
519 1409 610 1474 Deus
632 1410 678 1474 sit
700 1410 949 1476 annihilativus.

303 1510 408 1574 “Sed
429 1517 543 1575 eontra
563 1512 653 1577 istud
674 1512 727 1577 sia
775 1512 983 1599 Impooeibile
1000 1517 1051 1578 est
1071 1535 1130 1578 ens
1152 1519 1212 1579 aut
1226 1517 1312 1579 veri-

258 1620 278 1647 “
296 1618 402 1677 tatem
418 1628 496 1689 esse,
511 1613 575 1677 nisi
591 1614 645 1678 vel
661 1613 778 1691 Deum,
794 1614 849 1679 vel
864 1619 1032 1679 eaueatam
1046 1637 1068 1679 a
1082 1615 1153 1679 Deo
1169 1616 1312 1682 mediate

257 1721 277 1748 “
295 1714 348 1778 vel
371 1715 558 1780 immediate
570 1739 578 1792 ;
600 1715 658 1780 sed
680 1715 876 1780 annihilatio
899 1738 959 1781 nee
979 1721 1090 1802 potest
1114 1739 1182 1782 esse
1210 1716 1310 1798 Deus,

260 1824 279 1849 ‘⁶
295 1837 356 1879 neo
372 1821 506 1881 eansata
528 1839 550 1881 a
574 1817 670 1896 Deo;
694 1818 797 1903 igitur
818 1840 885 1882 non
907 1823 1017 1904 potest
1038 1817 1133 1884 ease?

284 1917 304 1954 1
485 1919 506 1956 1
683 1919 702 1958 1
883 1925 901 1957 θ
1082 1920 1101 1959 1
1268 1921 1287 1960 1

307 2028 325 2052 “
341 2017 430 2083 Item
460 2019 550 2085 Deua
573 2042 640 2085 non
669 2026 777 2106 posset
799 2021 983 2085 annihilare
1006 2021 1226 2086 substantiam
1253 2023 1312 2087 uli·

260 2129 278 2156 “
295 2142 404 2205 quam,
420 2122 484 2186 nisi
498 2121 660 2186 annihilet
680 2127 788 2186 totam
809 2123 1057 2188 universitatem
1078 2127 1230 2204 creatam,
1254 2124 1312 2189 sed

256 2230 279 2256 “
295 2222 388 2287 illam
403 2244 469 2287 non
484 2228 593 2309 potest
610 2223 804 2304 annihilare,
819 2225 922 2311 igitur
942 2224 1025 2290 nibil
1045 2225 1177 2312 penitus
1200 2231 1310 2313 potest

260 2324 487 2390 “annihilare

308 2434 327 2461 “
343 2426 454 2491 Minor
475 2427 634 2515 probatur
655 2448 697 2493 ex
719 2428 780 2494 boo
809 2429 898 2514 quod
923 2430 967 2493 ad
993 2428 1213 2515 cujuscunque
1236 2430 1310 2496 eub-

260 2535 278 2562 “
295 2529 429 2594 stantiae
450 2528 677 2594 nibilationem
701 2531 880 2615 requiritur
902 2530 1078 2615 cujuslibet
1100 2534 1204 2617 partis
1218 2534 1312 2596 enni-

261 2636 280 2664 “
297 2630 414 2695 hilatio
443 2630 485 2694 de
518 2632 554 2694 vi
582 2631 679 2696 vooia
737 2631 803 2696 Sed
833 2633 1009 2717 cujuslibet
1039 2633 1216 2718 singularis
1236 2633 1311 2698 eub-

263 2741 282 2771 ⁴‘
296 2737 431 2802 stantiae
451 2758 527 2824 pers
553 2736 778 2823 quidditativa
803 2743 853 2802 est
876 2760 979 2824 genus
1001 2736 1205 2817 substantiae,
1225 2739 1310 2803 sicut

262 2846 280 2872 “
296 2841 332 2900 et
349 2838 415 2903 alia
432 2860 553 2925 genera
574 2860 612 2904 ae
634 2840 776 2925 species3
799 2839 911 2926 igitur,
926 2839 1111 2904 annihilata
1125 2839 1312 2904 substantia

263 2948 281 2974 “
296 2939 447 3024 quelibet
468 2939 635 3027 singulari,
663 2941 904 3006 annihilaretur
925 2962 1028 3027 genus
1049 2940 1253 3018 substemiae,
1278 2945 1312 3007 et

261 3048 356 3127 “per
376 3062 574 3128 oonsequens
596 3064 664 3107 non
689 3048 836 3108 maneret
858 3049 933 3128 post
955 3042 1225 3107 annihilationem
1256 3063 1313 3108 ex-

262 3144 399 3209 “istene
423 3144 457 3207 in
479 3143 590 3230 aliquo
611 3144 778 3231 singulari
825 3143 948 3209 Totum
975 3144 1079 3230 igitur
1103 3165 1207 3230 genus
1236 3143 1313 3209 sub-

263 3245 431 3310 “stantiae
453 3245 675 3312 destrueretur
696 3246 741 3312 ed
762 3245 981 3332 cujuscunque
995 3246 1192 3315 substantioe
1218 3248 1312 3315 anni·

263 3354 282 3383 ‘⁴
296 3346 500 3412 hilationem.

308 3454 327 3485 “
343 3447 568 3515 confirmetur
588 3471 648 3536 per
669 3449 776 3514 locum
790 3471 811 3513 a
832 3449 956 3535 majori.
1002 3448 1197 3516 Substantia
1219 3451 1313 3537 panis

262 3550 335 3614 “in
353 3549 552 3616 eucharistia
587 3573 655 3616 non
676 3550 887 3627 annihilatur,
912 3555 1045 3637 propter
1075 3553 1312 3617 remanentiam

264 3658 284 3687 “
297 3649 527 3731 aeeidentium,
557 3651 634 3717 lieet
656 3652 727 3739 ipsa
758 3656 986 3739 eorrumpatur
1006 3652 1184 3718 seeundum
1206 3657 1312 3718 totam

264 3759 282 3789 “
296 3753 455 3832 formam3
485 3753 543 3819 sed
564 3753 670 3839 major
683 3760 733 3819 eet
755 3754 925 3820 eonneotio
946 3754 1050 3840 partie
1080 3753 1313 3839 quidditativae

264 3855 340 3919 “ad
355 3855 426 3940 ejus
440 3861 567 3941 partem
583 3854 807 3941 subjectivum,
821 3877 921 3942 quam
936 3855 1155 3941 cujuscunque
1171 3855 1313 3921 absoluti

265 3965 282 3991 “
297 3956 475 4023 eeoidentis
489 3956 533 4021 ad
546 3978 642 4021 suum
658 3956 841 4043 subjeetum
855 3982 863 4037 ;
886 3957 989 4043 igitur
1003 3955 1110 4022 multo
1122 3957 1234 4043 magis,
1245 3979 1315 4024 eor-

264 4066 284 4099 “
298 4064 397 4145 rupto
416 4057 565 4144 subjecto
579 4059 756 4125 seeundum
771 4058 954 4146 quamlibet
968 4057 1037 4144 ejus
1059 4062 1187 4146 partem
1205 4056 1312 4146 (audil

426 4350 614 4358 ..--.—-.-..—-

281 4551 395 4680 liam]
408 4549 504 4613 ω’),
512 4550 568 4604 MS.
602 4551 665 4603 This
685 4553 735 4604 and
751 4551 865 4605 ahenea
882 4553 952 4603 word
968 4551 982 4602 1
998 4551 1056 4603 take
1073 4557 1100 4602 to
1110 4552 1142 4602 be
1158 4549 1316 4614 aeorrupou

263 4645 281 4697 8

1159 4730 1177 4774 θ
