3008 5490
589 1320 658 1395 VI.

164 1547 494 1617 REOANTATION
534 1549 593 1617 OF
632 1550 846 1620 RICHARD
886 1553 1069 1621 WYCHE.

137 1777 222 1861 Eae,
254 1779 412 1847 Ricardus
436 1781 568 1868 Wyche,
593 1781 764 1869 presbyter
794 1780 1037 1861 Herfordensis,
1067 1763 1140 1847 dico

92 1885 127 1945 et
156 1903 300 1968 propono
332 1884 421 1968 quod
452 1905 555 1969 nuper
585 1884 782 1950 reverendus
811 1884 848 1947 in
878 1884 1010 1951 Christo
1047 1888 1140 1970 pater

92 1981 244 2048 dominus
268 1984 461 2063 Willelmus,
485 1985 549 2050 Dei
571 1986 680 2072 gratia
711 1985 936 2052 Dinolmensis
959 1986 1139 2074 episcopus,

91 2086 221 2151 monuit
244 2108 297 2152 me
319 2087 511 2174 respondere
533 2088 630 2153 certis
652 2088 797 2154 articulis
827 2089 926 2154 fidem
948 2087 1139 2154 catholicam

91 2188 314 2273 tangentibus,
338 2194 373 2254 et
402 2210 455 2253 me
485 2189 646 2255 declarare
669 2190 811 2276 qualiter
832 2190 986 2255 sentirem
1017 2190 1053 2253 in
1079 2188 1141 2254 eis*-

92 2287 190 2366 dem;
224 2294 258 2354 et
289 2289 367 2374 quia
393 2290 436 2354 sd
460 2291 653 2356 mandatum
683 2313 778 2356 suum
803 2313 869 2356 non
889 2291 1049 2377 respondi,
1082 2310 1141 2355 nee

91 2410 144 2454 me
172 2390 343 2469 declaravi,
371 2391 440 2477 ipse
466 2413 519 2456 me
546 2393 624 2458 bina
650 2393 721 2458 vice
745 2393 1050 2458 excommunicavit.
1096 2392 1142 2456 Et

90 2490 128 2555 in
149 2490 209 2556 hoc
232 2491 338 2558 fateor
361 2514 414 2558 ms
438 2515 558 2559 errasse
574 2499 609 2559 et
624 2494 804 2581 deliquisse.
852 2494 932 2559 Ideo
954 2494 1057 2580 ipsius
1072 2513 1141 2558 cor-

90 2593 228 2658 rectioni
252 2595 423 2659 humiliter
447 2616 499 2660 me
525 2595 685 2664 submitto
716 2601 832 2683 petens
858 2595 1098 2661 absolutionem
1120 2617 1142 2658 a

90 2696 235 2761 censuris
258 2695 423 2783 praedictis
446 2696 481 2760 in
503 2697 662 2774 melotis,
687 2703 721 2762 et
743 2697 1007 2762 reformationem
1033 2700 1141 2761 status

90 2796 177 2875 mei;
199 2802 234 2861 et
244 2797 322 2884 juro
344 2798 388 2862 ad
409 2796 479 2863 haeo
501 2804 614 2863 sancta
639 2799 702 2863 Dei
726 2799 895 2885 evangelia
919 2819 978 2885 per
1001 2819 1053 2862 me
1073 2819 1142 2863 cor·

91 2896 248 2983 poraliter
273 2904 363 2964 tacta
387 2900 475 2984 quod
498 2899 592 2965 stabo
616 2905 651 2965 et
671 2899 792 2986 parebo
812 2900 976 2965 mandatis
991 2899 1140 2975 ecelesiae,

91 3005 126 3064 et
153 3000 256 3085 ipsius
280 3001 452 3066 reverendi
478 3001 589 3088 patris,
615 3006 649 3065 et
673 2998 901 3067 commissarii¹
927 3002 979 3066 sui
1002 3001 1085 3065 mihi
1105 3001 1142 3064 in

90 3097 153 3165 hac
168 3107 263 3186 parte
278 3101 415 3167 fiendis:
440 3107 474 3167 et
496 3103 726 3189 poenitentiam
751 3102 833 3167 mihi
855 3124 914 3190 per
928 3103 1036 3189 ipsum
1051 3121 1142 3168 reve-

90 3202 231 3267 rendum
259 3209 387 3289 patrem
414 3204 468 3268 vel
490 3203 748 3270 commissarium
771 3225 867 3269 suum
891 3225 950 3290 pro
966 3203 1142 3291 praemissis

88 3302 327 3390 injungendam
350 3305 515 3391 perficiam
537 3312 571 3370 et
592 3305 741 3392 implebo.

137 3404 226 3470 Item
249 3428 325 3471 cum
347 3428 452 3492 nuper
474 3407 579 3472 eidem
602 3408 781 3472 reverendo
807 3405 895 3492 patri
924 3405 1058 3472 fuissem
1089 3405 1143 3472 de·

88 3507 264 3572 nuntiatus
298 3507 386 3593 quod
414 3509 628 3584 asseruissem,
655 3509 839 3586 tenuissem,
863 3514 898 3574 et
920 3509 1143 3594 praedicassem

88 3608 312 3675 conclusiones
327 3610 560 3694 subsequentes
572 3634 580 3689 ;
602 3608 762 3687 videlieet,

607 3796 633 3862 1.

137 3923 304 4013 Imagines
328 3945 393 3990 non
412 3929 489 3989 sunt
510 3924 692 3989 adorandae.

596 4112 643 4177 II.

151 4239 242 4305 Deus
272 4260 341 4304 uon
371 4243 480 4324 potest
510 4236 615 4302 faeere
645 4236 686 4301 (le
715 4258 775 4300 sua
804 4238 954 4323 potentia
992 4239 1145 4304 ordinata

88 4343 272 4428 imaginem
294 4340 501 4426 sanguinare,
524 4339 577 4403 vel
600 4338 792 4423 sanguinem
816 4339 974 4404 minuere.

379 4640 387 4670 ¹
399 4637 570 4702 commissarii]
589 4635 793 4698 commissarium
806 4636 861 4688 M&
