3008 5490
543 720 723 774 rsscrcunr
745 725 971 774 zrznuromns
1219 712 1282 777 153

222 917 277 977 ost
311 908 493 998 subjectata
525 917 601 997 post
622 913 902 988 consecrationem,
931 913 1032 976 immo
1058 909 1174 998 super¹
1199 935 1283 999 prze-

223 1014 351 1079 dietum
373 1014 555 1100 oapitulum
578 1021 715 1079 oonstur
731 1014 791 1079 hoe
813 1015 926 1079 multis
942 1015 1068 1079 vicibus
1091 1016 1258 1080 declarare.

267 1115 322 1179 B?
343 1137 423 1181 vero
439 1115 632 1180 Ambrosius
654 1115 757 1180 libr0³
778 1133 812 1179 11.
830 1117 869 1180 de
893 1115 1134 1195 Sserumentis,⁴
1158 1116 1282 1182 “Post-
1296 1117 1334 1168 01⁴
1341 1117 1407 1168 Am·

223 1215 387 1303 “quam''
427 1217 546 1302 inquit,
587 1218 716 1282 “verbs
747 1217 870 1283 Christi
908 1219 1100 1304 deprompta
1136 1186 1374 1300 fuerint;b¹⁰⁸⁰·

221 1319 350 1404 “panis
373 1341 441 1383 non
462 1319 590 1398 dicitur,
614 1320 671 1383 sed
693 1341 808 1404 eorpus
829 1318 959 1384 Christi
1000 1318 1132 1396 Oum,”⁶
1163 1322 1281 1405 inquit,

223 1419 394 1485 “Partem
407 1425 566 1484 oestrum
581 1420 833 1504 quotidianum
848 1421 894 1485 da
909 1420 1008 1486 uobis
1023 1420 1122 1486 hodie
1132 1421 1283 1488 Christus

226 1530 246 1556 “
259 1521 358 1596 dixit,
384 1521 515 1586 videtur
544 1543 620 1607 ergo
647 1524 736 1606 quod
761 1522 806 1586 sit
828 1523 929 1607 punis,
958 1528 992 1587 et
1016 1521 1121 1607 quod⁶
1146 1546 1214 1588 non
1239 1525 1283 1589 sit

229 1621 385 1708 “panis''
428 1621 563 1709 Propter
599 1623 688 1708 quod
717 1623 889 1708 subjungit
926 1624 1128 1688 Ambrosius.
1175 1625 1283 1690 “Non

231 1729 317 1788 “est
329 1723 422 1809 psnis
442 1725 497 1808 qui
517 1725 612 1789 vadit
636 1725 672 1789 in
694 1747 817 1810 eorpus,
842 1730 924 1810 puts
945 1725 989 1789 ad
1014 1726 1155 1811 corporis
1178 1727 1284 1790 nutri-

231 1834 250 1860 “
262 1822 432 1900 mentum,⁷
451 1826 509 1890 sed
524 1832 574 1891 est
597 1827 691 1912 ponis
706 1827 764 1911 qui
787 1827 905 1892 animae
928 1826 1149 1892 substantiam
1163 1825 1283 1891 fulsit'’

225 1925 273 1991 Et
294 1927 332 1990 in
353 1925 463 1992 libello
485 1949 544 1992 suo
560 1928 601 1991 de
624 1926 850 1992 Eucharistiu⁸
896 1927 992 2005 “Si''
1016 1929 1135 2015 inquit,
1163 1929 1283 2014 “panis

228 2036 351 2120 “esum
388 2029 608 2094 esurientibus
638 2051 880 2115 apponeremus,
915 2052 983 2096 non
1021 2052 1063 2095 ex
1101 2036 1172 2096 toto
1209 2053 1283 2116 pro

229 2127 407 2194 “veniret⁹
433 2131 477 2194 od
510 2131 661 2216 singulos.
708 2130 760 2195 De
782 2131 842 2197 hoe
867 2137 978 2197 sutem
1011 2155 1094 2219 pane
1102 2129 1127 2168 ¹⁰
1148 2138 1282 2198 tantum

228 2231 394 2317 “sepiunt
431 2232 560 2318 singuli,
608 2240 769 2317 quantum
806 2235 940 2320 capiunt
984 2234 1158 2300 universi”
1219 2235 1281 2299 Est

229 2340 335 2419 “ergo
364 2334 467 2418 punis,
499 2334 557 2418 qui
594 2340 645 2399 est
675 2356 788 2399 verum
824 2357 938 2421 eorpus
977 2335 1108 2413 Christi,
1141 2337 1283 2401 identioe

226 2455 302 2499 earo
320 2433 515 2499 ¹seotmdum
544 2436 771 2511 substantiam,
795 2438 889 2522 panis
919 2439 1096 2502 secundum
1134 2439 1281 2523 speeiem,

228 2541 262 2600 et
287 2541 369 2601 tunc
395 2536 456 2600 hac
482 2537 677 2601 auctoritate
703 2538 785 2600 nihil
811 2539 939 2623 planius
963 2539 1138 2602 invenitur.

271 2637 296 2702 J
298 2637 442 2703 ohannes
465 2637 604 2704 autem¹¹
623 2638 852 2713 Damascenus
870 2639 927 2722 qui
950 2639 1061 2703 floruit
1083 2640 1171 2703 inter
1195 2637 1285 2703 Grae-
1298 2648 1368 2700 ofJ.
1381 2648 1433 2699 Dn-

228 2759 283 2805 eos
306 2741 436 2824 quando
459 2740 665 2825 Augustinus
695 2741 781 2804 inter
811 2739 954 2816 Latinos,
979 2738 1061 2804 hanc
1089 2740 1286 2803 sententiam
1297 2731 1436 2765 missenus.

228 2842 412 2926 expressius
432 2842 547 2906 deteris
569 2842 618 2905 ita
643 2838 777 2927 ponit¹²
822 2841 927 2905 Vocat
950 2841 1037 2904 enim
1060 2840 1146 2905 huno
1168 2862 1286 2927 panem

228 2963 348 3028 panem
371 2944 678 3017 communicationis,
708 2944 786 3027 quis
812 2942 899 3006 idem
924 2943 1102 3006 seeundum
1126 2965 1161 3007 se
1176 2949 1285 3007 totum

227 3044 342 3108 multis
358 3045 621 3120 communicatur,
640 3050 673 3109 et
689 3046 769 3108 dicit
787 3050 866 3108 tuno
882 3044 970 3128 quod
992 3042 1078 3107 isse¹³
1093 3045 1186 3130 panis
1202 3067 1287 3108 com-

227 3146 459 3210 municationis
484 3146 622 3210 includit
649 3147 729 3211 duas
756 3151 898 3222 naturas,
924 3145 1075 3209 videlieet
1097 3168 1225 3211 earnem
1252 3153 1286 3210 et

227 3246 477 3322 divinitatem,¹⁴
492 3247 764 3332 quemadmodum
779 3247 875 3311 carbo
889 3247 998 3332 ignem
1014 3253 1047 3312 et
1069 3248 1203 3333 lignum.
1242 3248 1287 3313 Et

227 3348 329 3434 paulo
351 3355 437 3413 ente
485 3359 502 3384 “
515 3348 718 3424 Generati0,”
748 3349 865 3433 inquit,
892 3348 1059 3414 “hominis
1082 3351 1204 3436 duplex
1227 3357 1284 3426 est,

266 3667 273 3697 ¹
286 3667 373 3731 super]
387 3683 470 3730 supro,
483 3669 510 3718 C.
782 3669 917 3734 Mysteriis,
929 3687 958 3720 or
977 3672 1016 3720 De
1035 3672 1200 3722 sacramentis
1212 3695 1218 3732 ;
1236 3676 1286 3723 and

265 3749 276 3776 ²
287 3745 337 3810 B.]
353 3746 466 3805 Sanctus,
479 3749 513 3806 Α,
524 3747 552 3796 C.
782 3748 824 3797 the
834 3749 977 3811 expression
987 3749 1078 3799 libellus
1086 3766 1166 3800 seems
1177 3762 1203 3800 to
1215 3754 1285 3815 point

267 3827 278 3855 ⁸
290 3824 364 3889 libro]
379 3841 500 3881 sermone,
512 3827 541 3883 B,
555 3826 582 3875 C.
783 3835 809 3876 to
820 3844 887 3876 some
899 3829 997 3877 shorter
1005 3837 1076 3879 tract.

266 3906 275 3932 ⁴
296 3905 414 3954 Ambros
439 3907 470 3953 de
496 3905 670 3961 sacramentis,
700 3919 735 3953 rr.
817 3909 827 3935 ⁹
839 3907 989 3971 proveniret]
1019 3909 1160 3970 pertineret,
1173 3910 1211 3966 A;
1229 3924 1285 3972 per·

231 3999 254 4033 c.
268 3988 292 4040 4,
305 3989 319 4030 5
334 4003 339 4029 e
359 3984 400 4032 the
417 4000 488 4033 sense
500 3986 529 4031 os
537 4000 552 4033 a
563 3985 623 4048 long
634 4000 737 4047 passage
786 3985 890 4042 reniret,
904 3986 932 4034 Β.

231 4062 328 4124 loosely
340 4062 423 4125 given.
460 4064 506 4112 See
528 4064 580 4111 also
601 4078 680 4111 canon
699 4064 738 4111 De
819 4065 924 4128 ινραηε]
939 4065 1030 4115 omC.

232 4140 352 4191 Consecr.
364 4141 419 4188 dist.
434 4147 456 4198 2,
469 4156 521 4202 cap.
531 4140 610 4189 Panis
620 4142 643 4188 in
656 4140 737 4189 ulturi.
819 4144 835 4172 ¹¹
849 4142 940 4205 autem]
954 4158 1002 4191 om.
1016 4143 1044 4191 B.

268 4220 368 4284 ιίίιηι]
383 4229 444 4278 tum,
455 4221 483 4276 B,
496 4220 524 4269 C.
821 4223 838 4250 ¹²
855 4222 895 4270 De
917 4221 979 4269 Fide
1006 4221 1160 4280 Orthodoxu,
1183 4237 1219 4271 ιν.
1241 4227 1286 4277 14;

266 4298 364 4361 'quod]
380 4314 429 4346 om.
443 4300 476 4347 A.
786 4301 847 4363 only
858 4300 901 4348 the
918 4300 1019 4363 general
1037 4316 1107 4348 sense¹
1125 4301 1154 4348 os
1172 4301 1214 4350 the
1232 4316 1286 4362 pus·

266 4377 276 4404 ³
288 4377 468 4440 nutrimentum]
484 4377 672 4436 incrementum,
685 4377 718 4425 Λ.
785 4394 852 4442 sage-

268 4456 346 4504 ⁸The
368 4456 474 4504 editions
500 4457 530 4504 of
559 4457 593 4505 St
615 4458 740 4504 Ambrose
820 4456 901 4520 stille]
916 4456 969 4515 iste,
983 4456 1010 4505 (ἲ.

237 4533 338 4583 contuin
350 4549 383 4582 no
395 4535 455 4582 such
465 4535 538 4583 book.
574 4534 628 4583 The
637 4549 740 4597 passage
820 4535 838 4567 ¹⁴
849 4534 1011 4599 divinitatem]
1025 4534 1147 4592 deitatem,
1160 4535 1190 4584 13.

235 4613 348 4664 referred
366 4621 393 4663 to
410 4613 431 4663 is
448 4622 493 4665 not
509 4613 536 4663 in
552 4613 591 4662 his
603 4614 685 4663 works
701 4614 741 4662 De
