3158 5490
329 740 395 807 212
626 750 806 802 rsscrcuu
836 748 1062 802 zrzsrronun.

159 969 271 1020 vorkor
328 942 518 1008 ostendatur
544 940 624 1025 quin
647 938 785 1003 firmiter
813 938 859 1002 sit
883 937 1082 1016 tenendum3
1119 936 1177 1002 sed
1212 937 1249 1001 in
1282 936 1376 1001 ‹lisso-¹

158 1037 228 1086 Μ
328 1044 452 1108 lutione
499 1043 688 1126 laqueorum
734 1040 908 1105 veritatem
955 1040 1146 1125 impugnare
1190 1038 1375 1115 nitentium,

158 1117 307 1218 milri„
328 1146 449 1209 sciatur
471 1144 613 1228 qualiter
642 1144 686 1207 sit
709 1142 932 1206 resistendum.
977 1140 1077 1206 Unde
1102 1162 1161 1226 pro
1193 1140 1376 1205 defensione

158 1244 298 1310 argument,
328 1247 556 1333 pnedietorurn
583 1267 726 1310 errorum
756 1243 876 1332 Inertinr
906 1242 1062 1310 innititur
1082 1243 1223 1329 opinans
1248 1243 1379 1311 rationi·

156 1313 279 1431 illoiltiu
327 1349 396 1423 bus,
420 1349 540 1433 partim
561 1347 708 1412 testibus.

374 1450 542 1529 Quantum
568 1450 611 1513 nd
636 1448 785 1513 rntionss.

158 1584 276 1649 wyern’s
373 1549 583 1616 Primnrium¹
613 1555 647 1614 et
670 1549 915 1614 fundamentsle
938 1549 1027 1634 quod
1050 1548 1184 1615 nddueit
1211 1570 1272 1635 pro
1296 1550 1379 1636 prin·

157 1652 278 1701 ΜΝ*-
327 1654 424 1740 oiqnli
463 1652 664 1718 conclusione
706 1650 787 1723 sun?
817 1651 938 1716 scilieet
976 1651 1064 1736 quod
1100 1672 1219 1737 eorpus
1257 1651 1379 1717 Christi

157 1726 260 1832 ffiss‘
328 1756 414 1821 irlern
446 1754 499 1819 in³
536 1776 670 1820 numero
700 1753 788 1838 qnod
825 1753 889 1818 fuit
919 1758 1120 1839 assumptum
1158 1752 1201 1817 sle
1236 1752 1377 1841 Virgine,

158 1849 264 1927 chrisis,
328 1863 362 1922 et
391 1879 520 1943 possum
547 1857 582 1919 in
607 1877 707 1931 eruco,
732 1856 777 1919 sit
800 1855 893 1940 ponis
923 1854 1170 1931 snernmentnlb,
1197 1854 1253 1921 vel
1276 1855 1380 1921 hostin

158 1924 285 1967 mmm
328 1966 519 2034 consecratu,
536 1980 635 2042 qunrn
650 1957 760 2022 fideles
784 1957 932 2021 sentiunt
956 1957 991 2021 in
1015 1956 1167 2021 manibus
1193 1958 1376 2033 sneenlotis,

329 2068 378 2123 est
415 2060 511 2123 isturl
573 2068 590 2093 “
603 2058 689 2137 Quin
719 2058 877 2136 Christus,
908 2059 964 2145 qui
995 2058 1127 2123 mentiri
1157 2080 1226 2125 nou
1264 2066 1377 2147 potest,

331 2169 348 2196 “
363 2161 410 2224 sie
439 2160 604 2224 asseruit.”

157 2287 251 2336 Yetno
373 2261 437 2326 Pro
467 2284 532 2346 quo
563 2262 643 2337 dieo,
675 2268 709 2326 et
744 2285 850 2327 ussero
880 2262 1113 2339 indubitanter,
1151 2263 1241 2348 quod
1275 2264 1305 2329 si
1339 2284 1378 2329 ex

157 2353 269 2467 “fill“
328 2370 425 2428 textu
463 2362 640 2449 Scriptunu
674 2364 791 2429 soene*
824 2369 932 2450 posset
961 2363 1072 2429 haberi
1108 2366 1196 2450 qnod
1229 2364 1377 2431 Christus

155 2434 315 2537 minii}
328 2466 374 2531 sic
411 2466 569 2534 asserint:
608 2471 680 2531 totu
720 2466 841 2530 mentis
881 2465 1063 2531 intentione
1108 2465 1170 2531 hoo
1206 2464 1378 2543 tenerem,⁶

156 2551 289 2603 ⁸¹¹⁶¹³¹l¹⁰·
328 2574 362 2633 ot
383 2560 512 2633 ¹tenere
547 2567 682 2632 haberet
720 2567 859 2652 quilibet
894 2567 1006 2632 tidelis
1076 2566 1142 2632 Sed
1181 2568 1377 2635 revolvendo

327 2676 435 2736 toturn
458 2670 613 2735 volumen
635 2669 857 2754 evangelicum
881 2691 948 2734 non
970 2669 1139 2733 invenitur
1161 2672 1252 2754 quod
1273 2670 1377 2738 Chris-

327 2781 381 2839 tus
415 2773 560 2849 assemrit,
596 2793 655 2837 nee
687 2771 774 2854 quod
809 2770 889 2834 tulin
923 2771 1024 2836 verbs
1056 2770 1218 2856 protulit:
1256 2772 1376 2859 Corpus

262 2953 265 2957 Ι
326 2897 435 2939 rneum
465 2881 516 2939 est
544 2873 639 2960 punis
668 2871 850 2937 sensibilis:
882 2872 944 2949 vel,
962 2871 1028 2953 Qui
1058 2872 1201 2938 sentitur
1225 2875 1281 2939 vel
1310 2896 1377 2939 sen·

325 2978 428 3042 tietur
466 2977 501 3040 in
538 2975 689 3039 inanibus
732 2973 925 3038 sacerdotis:
972 2996 1031 3039 neo
1068 2975 1157 3060 quod
1194 2975 1241 3041 sit
1286 2975 1375 3063 panis

326 3079 511 3154 materialis,
540 3083 598 3141 aut
626 3076 712 3140 idem
738 3074 793 3159 qui
824 3074 956 3161 praefrrit
985 3082 1062 3139 onte
1092 3078 1372 3153 consecrationem,

325 3203 385 3245 neo
408 3180 531 3264 aliquid
554 3175 658 3243 undel
680 3177 812 3262 nliquod
835 3177 1062 3262 pnediotorunr
1085 3178 1235 3243 concludi
1258 3178 1374 3266 poterit

325 3281 511 3344 formaliter.
558 3278 592 3342 Si
619 3278 706 3342 enim
731 3300 772 3342 ex
796 3278 856 3342 hoc
880 3278 967 3363 quod
991 3278 1142 3344 Christus
1165 3287 1200 3345 et
1225 3280 1284 3345 alii
1307 3282 1374 3346 doe·

326 3387 411 3444 tores
438 3379 518 3444 talin
541 3380 642 3443 rerba
665 3379 795 3455 habent,
824 3379 924 3443 Panis
954 3386 1003 3444 est
1034 3401 1149 3467 eorpus
1174 3380 1300 3447 Christi
1325 3381 1373 3447 vel

325 3503 421 3559 onr03
460 3484 608 3565 oportent
647 3481 779 3545 omnino
821 3503 939 3566 ponere
973 3482 1060 3567 quod
1096 3504 1213 3567 corpus
1252 3483 1371 3549 Christi

326 3583 370 3646 sit
397 3582 490 3667 panis
525 3581 710 3658 materialis,
739 3587 773 3647 et
797 3582 967 3660 sensibilis,
990 3580 1034 3647 'ut
1060 3583 1134 3647 vult
1160 3584 1232 3651 heeo
1256 3586 1372 3672 opinio;

325 3691 404 3748 tuno
431 3689 508 3748 onte
537 3683 779 3748 institutionem
809 3683 906 3769 liujus
936 3685 1129 3749 sacramenti
1158 3683 1276 3752 fuisset
1305 3708 1372 3752 eon-

325 3786 504 3850 oedendum
530 3785 617 3871 quod
647 3807 760 3870 eorpus
786 3784 909 3850 Christi
936 3790 986 3850 est
1015 3786 1109 3871 ponis
1138 3788 1309 3867 sensibilis,
1342 3794 1372 3851 et

326 3888 510 3964 materialis,
543 3888 630 3972 quod
660 3893 699 3950 ut
729 3886 823 3950 credo
853 3894 987 3973 negaret
1017 3887 1149 3974 opinio;
1187 3895 1224 3954 et
1260 3909 1371 3976 negare

326 3991 425 4056 habet
472 3990 609 4078 quilibet
655 3989 856 4055 christianus.
904 3990 949 4055 Et
995 3990 1125 4078 sequela
1162 3998 1265 4079 potet,
1304 4014 1371 4059 eum

331 4250 362 4257 —
367 4250 399 4257 ...—
403 4250 858 4263 --—-—-———-——--—--·—-
862 4254 1006 4262 -—-——

363 4415 543 4480 ιΡνίηιανιίυιι]
558 4417 674 4479 primum,
688 4418 720 4478 D,
733 4418 762 4468 E.
908 4425 994 4472 ‘lrrlu
1017 4422 1153 4489 Scriptum
1175 4426 1268 4492 rana]
1295 4426 1373 4489 Scrip-

362 4496 372 4524 ²
383 4493 442 4556 ern]
456 4508 505 4542 orn.
518 4494 552 4543 A.
875 4509 937 4551 tuno
950 4517 1027 4551 sacrm
1039 4510 1119 4563 textu,
1132 4503 1164 4553 D.

363 4572 423 4635 'r'n]
437 4587 485 4621 om.
500 4572 529 4623 s.
909 4581 1042 4645 ⁸eruerem]
1060 4589 1164 4643 teneret,
1176 4582 1211 4633 A.

910 4657 1007 4724 6ιιηιΙο]
1022 4660 1070 4713 vel.
1084 4659 1116 4710 D.
