<?xml version="1.0" encoding="UTF-8"?>
<!DOCTYPE html PUBLIC "-//W3C//DTD XHTML 1.0 Transitional//EN"
    "http://www.w3.org/TR/xhtml1/DTD/xhtml1-transitional.dtd">
<html xmlns="http://www.w3.org/1999/xhtml" xml:lang="en" lang="en">
 <head>
  <title>
</title>
<meta http-equiv="Content-Type" content="text/html;charset=utf-8" />
  <meta name='ocr-system' content='tesseract 3.04.00' />
  <meta name='ocr-capabilities' content='ocr_page ocr_carea ocr_par ocr_line ocrx_word'/>
</head>
<body>
  <div class='ocr_page' id='page_1' title='image "./fasciculizizani00nettgoog_0417.png"; bbox 0 0 3158 5490; ppageno 0'>
   <div class='ocr_carea' id='block_1_1' title="bbox 258 682 991 768">
    <p class='ocr_par' dir='ltr' id='par_1_1' title="bbox 258 682 991 768">
     <span class='ocr_line' id='line_1_1' title="bbox 258 682 991 768; baseline 0.001 -23"><span class='ocrx_word' id='word_1_1' title='bbox 258 682 323 768; x_wconf 73' lang='lat'><strong>318</strong></span> <span class='ocrx_word' id='word_1_2' title='bbox 569 695 746 747; x_wconf 80' lang='lat' dir='ltr'><strong>rmoroum</strong></span> <span class='ocrx_word' id='word_1_3' title='bbox 769 694 991 746; x_wconf 76' lang='lat' dir='ltr'><strong>amasionum</strong></span> 
     </span>
    </p>
   </div>
   <div class='ocr_carea' id='block_1_2' title="bbox 90 1517 1316 2112">
    <p class='ocr_par' dir='ltr' id='par_1_2' title="bbox 90 1517 1316 2112">
     <span class='ocr_line' id='line_1_2' title="bbox 92 1517 1316 1607; baseline 0.005 -26"><span class='ocrx_word' id='word_1_4' title='bbox 92 1530 216 1583; x_wconf 79' lang='lat' dir='ltr'><strong>Herforde</strong></span> <span class='ocrx_word' id='word_1_5' title='bbox 303 1518 374 1585; x_wconf 77' lang='lat' dir='ltr'><strong>San</strong></span> <span class='ocrx_word' id='word_1_6' title='bbox 400 1525 436 1585; x_wconf 91' lang='lat' dir='ltr'><strong>et</strong></span> <span class='ocrx_word' id='word_1_7' title='bbox 460 1519 668 1585; x_wconf 88' lang='lat' dir='ltr'><strong>cancellarius</strong></span> <span class='ocrx_word' id='word_1_8' title='bbox 694 1519 869 1605; x_wconf 72' lang='lat' dir='ltr'><strong>praedictus</strong></span> <span class='ocrx_word' id='word_1_9' title='bbox 892 1523 1065 1605; x_wconf 79' lang='lat' dir='ltr'><strong>postquam</strong></span> <span class='ocrx_word' id='word_1_10' title='bbox 1085 1517 1167 1584; x_wconf 79' lang='lat' dir='ltr'><strong>faria</strong></span> <span class='ocrx_word' id='word_1_11' title='bbox 1189 1518 1316 1607; x_wconf 79' lang='lat' dir='ltr'><strong>quinta</strong></span> 
     </span>
     <span class='ocr_line' id='line_1_3' title="bbox 90 1598 1315 1729; baseline 0.002 -44"><span class='ocrx_word' id='word_1_12' title='bbox 90 1598 219 1729; x_wconf 48' lang='grc' dir='ltr'><strong>ῧξὲξῑ),</strong></span> <span class='ocrx_word' id='word_1_13' title='bbox 257 1621 375 1687; x_wconf 89' lang='lat' dir='ltr'><strong>hahuit</strong></span> <span class='ocrx_word' id='word_1_14' title='bbox 397 1623 589 1687; x_wconf 88' lang='lat' dir='ltr'><strong>mandatum</strong></span> <span class='ocrx_word' id='word_1_15' title='bbox 615 1621 807 1708; x_wconf 69' lang='lat' dir='ltr'><strong>praedictum</strong></span> <span class='ocrx_word' id='word_1_16' title='bbox 834 1620 876 1685; x_wconf 88' lang='lat' dir='ltr'><strong>ab</strong></span> <span class='ocrx_word' id='word_1_17' title='bbox 898 1618 1144 1707; x_wconf 83' lang='lat' dir='ltr'><strong>archiepiscopo,</strong></span> <span class='ocrx_word' id='word_1_18' title='bbox 1165 1625 1203 1687; x_wconf 80' lang='lat' dir='ltr'><strong>et</strong></span> <span class='ocrx_word' id='word_1_19' title='bbox 1227 1642 1315 1708; x_wconf 71' lang='lat' dir='ltr'><strong>pm·</strong></span> 
     </span>
     <span class='ocr_line' id='line_1_4' title="bbox 90 1719 1316 1809; baseline -0.001 -20"><span class='ocrx_word' id='word_1_20' title='bbox 90 1730 166 1795; x_wconf 77' lang='lat' dir='ltr'><strong>being</strong></span> <span class='ocrx_word' id='word_1_21' title='bbox 176 1746 230 1780; x_wconf 72' lang='lat' dir='ltr'><strong>eus·</strong></span> <span class='ocrx_word' id='word_1_22' title='bbox 258 1730 388 1809; x_wconf 86' lang='lat' dir='ltr'><strong>oeptum</strong></span> <span class='ocrx_word' id='word_1_23' title='bbox 419 1723 548 1790; x_wconf 88' lang='lat' dir='ltr'><strong>concilii</strong></span> <span class='ocrx_word' id='word_1_24' title='bbox 577 1722 678 1809; x_wconf 87' lang='lat' dir='ltr'><strong>regni,</strong></span> <span class='ocrx_word' id='word_1_25' title='bbox 702 1722 803 1799; x_wconf 91' lang='lat' dir='ltr'><strong>venit,</strong></span> <span class='ocrx_word' id='word_1_26' title='bbox 834 1727 875 1787; x_wconf 92' lang='lat' dir='ltr'><strong>ut</strong></span> <span class='ocrx_word' id='word_1_27' title='bbox 903 1721 1029 1787; x_wconf 91' lang='lat' dir='ltr'><strong>dictum</strong></span> <span class='ocrx_word' id='word_1_28' title='bbox 1055 1726 1113 1799; x_wconf 85' lang='lat' dir='ltr'><strong>ast,</strong></span> <span class='ocrx_word' id='word_1_29' title='bbox 1141 1719 1316 1788; x_wconf 80' lang='lat' dir='ltr'><strong>Oxoniam</strong></span> 
     </span>
     <span class='ocr_line' id='line_1_5' title="bbox 91 1797 1316 1925; baseline 0 -36"><span class='ocrx_word' id='word_1_30' title='bbox 91 1797 246 1925; x_wconf 50' lang='lat' dir='ltr'><strong>ffiffiffi</strong></span> <span class='ocrx_word' id='word_1_31' title='bbox 258 1825 394 1890; x_wconf 88' lang='lat' dir='ltr'><strong>sabbato</strong></span> <span class='ocrx_word' id='word_1_32' title='bbox 423 1825 592 1911; x_wconf 83' lang='lat' dir='ltr'><strong>proxim03</strong></span> <span class='ocrx_word' id='word_1_33' title='bbox 630 1824 688 1910; x_wconf 92' lang='lat' dir='ltr'><strong>qui</strong></span> <span class='ocrx_word' id='word_1_34' title='bbox 726 1822 894 1888; x_wconf 79' lang='lat' dir='ltr'><strong>intimavit</strong></span> <span class='ocrx_word' id='word_1_35' title='bbox 923 1822 1075 1923; x_wconf 89' lang='lat' dir='ltr'><strong>Philippo</strong></span> <span class='ocrx_word' id='word_1_36' title='bbox 1104 1827 1140 1888; x_wconf 92' lang='lat' dir='ltr'><strong>et</strong></span> <span class='ocrx_word' id='word_1_37' title='bbox 1168 1821 1206 1887; x_wconf 90' lang='lat' dir='ltr'>N</span> <span class='ocrx_word' id='word_1_38' title='bbox 1207 1823 1316 1889; x_wconf 84' lang='lat' dir='ltr'><strong>ioolao</strong></span> 
     </span>
     <span class='ocr_line' id='line_1_6' title="bbox 90 1922 1316 2011; baseline 0 -21"><span class='ocrx_word' id='word_1_39' title='bbox 90 1928 207 1977; x_wconf 76' lang='lat' dir='ltr'><strong>Dukeof</strong></span> <span class='ocrx_word' id='word_1_40' title='bbox 259 1930 333 1990; x_wconf 81' lang='lat' dir='ltr'><strong>&#39;suas</strong></span> <span class='ocrx_word' id='word_1_41' title='bbox 363 1927 610 2011; x_wconf 86' lang='lat' dir='ltr'><strong>suspensiones;</strong></span> <span class='ocrx_word' id='word_1_42' title='bbox 645 1925 703 2010; x_wconf 91' lang='lat' dir='ltr'><strong>qui</strong></span> <span class='ocrx_word' id='word_1_43' title='bbox 738 1924 853 1990; x_wconf 90' lang='lat' dir='ltr'><strong>statim</strong></span> <span class='ocrx_word' id='word_1_44' title='bbox 878 1922 961 1989; x_wconf 83' lang='lat' dir='ltr'><strong>feria</strong></span> <span class='ocrx_word' id='word_1_45' title='bbox 989 1924 1133 1990; x_wconf 87' lang='lat' dir='ltr'><strong>secunda</strong></span> <span class='ocrx_word' id='word_1_46' title='bbox 1157 1924 1316 2010; x_wconf 84' lang='lat' dir='ltr'><strong>proxima</strong></span> 
     </span>
     <span class='ocr_line' id='line_1_7' title="bbox 91 1993 1315 2112; baseline 0.002 -21"><span class='ocrx_word' id='word_1_47' title='bbox 91 1993 232 2045; x_wconf 69' lang='lat' dir='ltr'><strong>humor.</strong></span> <span class='ocrx_word' id='word_1_48' title='bbox 260 2026 445 2092; x_wconf 88' lang='lat' dir='ltr'><strong>Londonias</strong></span> <span class='ocrx_word' id='word_1_49' title='bbox 500 2032 663 2092; x_wconf 89' lang='lat' dir='ltr'><strong>venerunt</strong></span> <span class='ocrx_word' id='word_1_50' title='bbox 716 2031 899 2112; x_wconf 75' lang='lat' dir='ltr'><strong>quaerentes</strong></span> <span class='ocrx_word' id='word_1_51' title='bbox 961 2025 1131 2092; x_wconf 90' lang='lat' dir='ltr'><strong>dominum</strong></span> <span class='ocrx_word' id='word_1_52' title='bbox 1193 2025 1315 2093; x_wconf 82' lang='lat' dir='ltr'><strong>ducam</strong></span> 
     </span>
    </p>
   </div>
   <div class='ocr_carea' id='block_1_3' title="bbox 94 2124 1325 4632">
    <p class='ocr_par' dir='ltr' id='par_1_3' title="bbox 94 2124 1325 4632">
     <span class='ocr_line' id='line_1_8' title="bbox 260 2124 1316 2212; baseline 0 -20"><span class='ocrx_word' id='word_1_53' title='bbox 260 2127 457 2193; x_wconf 85' lang='lat' dir='ltr'><strong>Lanoastriae</strong></span> <span class='ocrx_word' id='word_1_54' title='bbox 487 2128 510 2192; x_wconf 92' lang='lat' dir='ltr'><strong>J</strong></span> <span class='ocrx_word' id='word_1_55' title='bbox 511 2127 679 2193; x_wconf 89' lang='lat' dir='ltr'><strong>ohannem.</strong></span> <span class='ocrx_word' id='word_1_56' title='bbox 738 2126 802 2194; x_wconf 84' lang='lat' dir='ltr'><strong>Oui</strong></span> <span class='ocrx_word' id='word_1_57' title='bbox 838 2127 974 2192; x_wconf 89' lang='lat' dir='ltr'><strong>invento</strong></span> <span class='ocrx_word' id='word_1_58' title='bbox 1011 2127 1100 2212; x_wconf 90' lang='lat' dir='ltr'><strong>apud</strong></span> <span class='ocrx_word' id='word_1_59' title='bbox 1128 2124 1316 2192; x_wconf 65' lang='lat' dir='ltr'><strong>Totenhale</strong></span> 
     </span>
     <span class='ocr_line' id='line_1_9' title="bbox 254 2226 1315 2315; baseline 0.001 -23"><span class='ocrx_word' id='word_1_60' title='bbox 254 2228 355 2312; x_wconf 87' lang='lat' dir='ltr'><strong>juxta</strong></span> <span class='ocrx_word' id='word_1_61' title='bbox 392 2228 577 2293; x_wconf 83' lang='lat' dir='ltr'><strong>Londoniaa</strong></span> <span class='ocrx_word' id='word_1_62' title='bbox 626 2229 845 2315; x_wconf 84' lang='lat' dir='ltr'><strong>suggerebant</strong></span> <span class='ocrx_word' id='word_1_63' title='bbox 892 2227 1136 2294; x_wconf 79' lang='lat' dir='ltr'><strong>conclusionum</strong></span> <span class='ocrx_word' id='word_1_64' title='bbox 1171 2226 1315 2313; x_wconf 70' lang='lat' dir='ltr'><strong>praedic-</strong></span> 
     </span>
     <span class='ocr_line' id='line_1_10' title="bbox 258 2327 1315 2405; baseline -0.001 -11"><span class='ocrx_word' id='word_1_65' title='bbox 258 2336 368 2394; x_wconf 88' lang='lat' dir='ltr'><strong>tarum</strong></span> <span class='ocrx_word' id='word_1_66' title='bbox 406 2330 658 2405; x_wconf 74' lang='lat' dir='ltr'><strong>damnationem,</strong></span> <span class='ocrx_word' id='word_1_67' title='bbox 691 2336 725 2395; x_wconf 93' lang='lat' dir='ltr'><strong>et</strong></span> <span class='ocrx_word' id='word_1_68' title='bbox 761 2329 839 2395; x_wconf 91' lang='lat' dir='ltr'><strong>cleri</strong></span> <span class='ocrx_word' id='word_1_69' title='bbox 876 2327 1149 2404; x_wconf 77' lang='lat' dir='ltr'><strong>convocationem,</strong></span> <span class='ocrx_word' id='word_1_70' title='bbox 1179 2328 1225 2393; x_wconf 85' lang='lat' dir='ltr'><strong>ad</strong></span> <span class='ocrx_word' id='word_1_71' title='bbox 1254 2327 1315 2393; x_wconf 85' lang='lat' dir='ltr'><strong>de·</strong></span> 
     </span>
     <span class='ocr_line' id='line_1_11' title="bbox 259 2427 1312 2515; baseline -0.004 -19"><span class='ocrx_word' id='word_1_72' title='bbox 259 2431 470 2496; x_wconf 74' lang='lat' dir='ltr'><strong>structionem</strong></span> <span class='ocrx_word' id='word_1_73' title='bbox 501 2452 569 2497; x_wconf 76' lang='lat' dir='ltr'><strong>esse</strong></span> <span class='ocrx_word' id='word_1_74' title='bbox 599 2438 633 2496; x_wconf 90' lang='lat' dir='ltr'><strong>et</strong></span> <span class='ocrx_word' id='word_1_75' title='bbox 662 2431 905 2496; x_wconf 86' lang='lat' dir='ltr'><strong>enervationem</strong></span> <span class='ocrx_word' id='word_1_76' title='bbox 944 2429 1081 2496; x_wconf 88' lang='lat' dir='ltr'><strong>dominii</strong></span> <span class='ocrx_word' id='word_1_77' title='bbox 1110 2427 1312 2515; x_wconf 71' lang='lat' dir='ltr'><strong>temporalis</strong></span> 
     </span>
     <span class='ocr_line' id='line_1_12' title="bbox 260 2529 1314 2619; baseline -0.003 -22"><span class='ocrx_word' id='word_1_78' title='bbox 260 2538 295 2597; x_wconf 90' lang='lat' dir='ltr'><strong>et</strong></span> <span class='ocrx_word' id='word_1_79' title='bbox 323 2555 437 2619; x_wconf 86' lang='lat' dir='ltr'><strong>regum</strong></span> <span class='ocrx_word' id='word_1_80' title='bbox 467 2533 703 2618; x_wconf 86' lang='lat' dir='ltr'><strong>temporalium.</strong></span> <span class='ocrx_word' id='word_1_81' title='bbox 749 2532 805 2597; x_wconf 84' lang='lat' dir='ltr'><strong>Ad</strong></span> <span class='ocrx_word' id='word_1_82' title='bbox 834 2554 931 2617; x_wconf 90' lang='lat' dir='ltr'><strong>quem</strong></span> <span class='ocrx_word' id='word_1_83' title='bbox 958 2531 994 2595; x_wconf 91' lang='lat' dir='ltr'><strong>in</strong></span> <span class='ocrx_word' id='word_1_84' title='bbox 1020 2530 1161 2596; x_wconf 81' lang='lat' dir='ltr'><strong>crastino</strong></span> <span class='ocrx_word' id='word_1_85' title='bbox 1188 2529 1236 2595; x_wconf 87' lang='lat' dir='ltr'><strong>sic</strong></span> <span class='ocrx_word' id='word_1_86' title='bbox 1262 2530 1314 2594; x_wconf 92' lang='lat' dir='ltr'><strong>in·</strong></span> 
     </span>
     <span class='ocr_line' id='line_1_13' title="bbox 260 2630 1314 2720; baseline -0.003 -23"><span class='ocrx_word' id='word_1_87' title='bbox 260 2634 444 2711; x_wconf 87' lang='lat' dir='ltr'><strong>formatum,</strong></span> <span class='ocrx_word' id='word_1_88' title='bbox 475 2640 637 2699; x_wconf 89' lang='lat' dir='ltr'><strong>venerunt</strong></span> <span class='ocrx_word' id='word_1_89' title='bbox 663 2634 771 2720; x_wconf 87' lang='lat' dir='ltr'><strong>plures</strong></span> <span class='ocrx_word' id='word_1_90' title='bbox 798 2634 944 2698; x_wconf 89' lang='lat' dir='ltr'><strong>doctores</strong></span> <span class='ocrx_word' id='word_1_91' title='bbox 970 2632 1006 2695; x_wconf 94' lang='lat' dir='ltr'><strong>in</strong></span> <span class='ocrx_word' id='word_1_92' title='bbox 1030 2653 1121 2696; x_wconf 86' lang='lat' dir='ltr'><strong>sacra</strong></span> <span class='ocrx_word' id='word_1_93' title='bbox 1144 2630 1314 2718; x_wconf 80' lang='lat' dir='ltr'><strong>theologia</strong></span> 
     </span>
     <span class='ocr_line' id='line_1_14' title="bbox 260 2731 1313 2822; baseline -0.003 -23"><span class='ocrx_word' id='word_1_94' title='bbox 260 2736 290 2799; x_wconf 90' lang='lat' dir='ltr'><strong>ei</strong></span> <span class='ocrx_word' id='word_1_95' title='bbox 328 2736 547 2822; x_wconf 79' lang='lat' dir='ltr'><strong>supplicantes</strong></span> <span class='ocrx_word' id='word_1_96' title='bbox 584 2740 624 2799; x_wconf 91' lang='lat' dir='ltr'><strong>ut</strong></span> <span class='ocrx_word' id='word_1_97' title='bbox 662 2735 853 2820; x_wconf 84' lang='lat' dir='ltr'><strong>dignaretur</strong></span> <span class='ocrx_word' id='word_1_98' title='bbox 889 2755 989 2797; x_wconf 87' lang='lat' dir='ltr'><strong>manu</strong></span> <span class='ocrx_word' id='word_1_99' title='bbox 1020 2755 1080 2797; x_wconf 88' lang='lat' dir='ltr'><strong>sua</strong></span> <span class='ocrx_word' id='word_1_100' title='bbox 1109 2731 1152 2796; x_wconf 86' lang='lat' dir='ltr'><strong>ad</strong></span> <span class='ocrx_word' id='word_1_101' title='bbox 1182 2732 1313 2818; x_wconf 86' lang='lat' dir='ltr'><strong>depres-</strong></span> 
     </span>
     <span class='ocr_line' id='line_1_15' title="bbox 260 2833 1313 2920; baseline -0.003 -20"><span class='ocrx_word' id='word_1_102' title='bbox 260 2837 384 2901; x_wconf 90' lang='lat' dir='ltr'><strong>sionem</strong></span> <span class='ocrx_word' id='word_1_103' title='bbox 421 2835 646 2901; x_wconf 83' lang='lat' dir='ltr'><strong>haereticorum</strong></span> <span class='ocrx_word' id='word_1_104' title='bbox 684 2857 786 2920; x_wconf 84' lang='lat' dir='ltr'><strong>agere.</strong></span> <span class='ocrx_word' id='word_1_105' title='bbox 832 2834 926 2899; x_wconf 90' lang='lat' dir='ltr'><strong>Inter</strong></span> <span class='ocrx_word' id='word_1_106' title='bbox 960 2855 1041 2919; x_wconf 81' lang='lat' dir='ltr'><strong>quos</strong></span> <span class='ocrx_word' id='word_1_107' title='bbox 1072 2833 1188 2897; x_wconf 87' lang='lat' dir='ltr'><strong>statim</strong></span> <span class='ocrx_word' id='word_1_108' title='bbox 1226 2833 1313 2898; x_wconf 86' lang='lat' dir='ltr'><strong>sicut</strong></span> 
     </span>
     <span class='ocr_line' id='line_1_16' title="bbox 262 2933 1310 3021; baseline -0.004 -20"><span class='ocrx_word' id='word_1_109' title='bbox 262 2936 388 3001; x_wconf 87' lang='lat' dir='ltr'><strong>Sathan</strong></span> <span class='ocrx_word' id='word_1_110' title='bbox 418 2937 584 3001; x_wconf 83' lang='lat' dir='ltr'><strong>affuenmt</strong></span> <span class='ocrx_word' id='word_1_111' title='bbox 614 2936 769 3021; x_wconf 88' lang='lat' dir='ltr'><strong>magister</strong></span> <span class='ocrx_word' id='word_1_112' title='bbox 799 2936 832 2998; x_wconf 91' lang='lat' dir='ltr'>N</span> <span class='ocrx_word' id='word_1_113' title='bbox 834 2935 954 3000; x_wconf 87' lang='lat' dir='ltr'><strong>icolaus</strong></span> <span class='ocrx_word' id='word_1_114' title='bbox 984 2941 1019 2999; x_wconf 89' lang='lat' dir='ltr'><strong>et</strong></span> <span class='ocrx_word' id='word_1_115' title='bbox 1048 2934 1205 3019; x_wconf 79' lang='lat' dir='ltr'><strong>magister</strong></span> <span class='ocrx_word' id='word_1_116' title='bbox 1232 2933 1310 2998; x_wconf 94' lang='lat' dir='ltr'><strong>Phi·</strong></span> 
     </span>
     <span class='ocr_line' id='line_1_17' title="bbox 260 3034 1310 3123; baseline -0.003 -23"><span class='ocrx_word' id='word_1_117' title='bbox 260 3037 374 3123; x_wconf 87' lang='lat' dir='ltr'><strong>lippus.</strong></span> <span class='ocrx_word' id='word_1_118' title='bbox 422 3036 520 3101; x_wconf 89' lang='lat' dir='ltr'><strong>Unde</strong></span> <span class='ocrx_word' id='word_1_119' title='bbox 550 3037 586 3099; x_wconf 92' lang='lat' dir='ltr'><strong>in</strong></span> <span class='ocrx_word' id='word_1_120' title='bbox 616 3037 722 3121; x_wconf 89' lang='lat' dir='ltr'><strong>prima</strong></span> <span class='ocrx_word' id='word_1_121' title='bbox 751 3036 831 3101; x_wconf 86' lang='lat' dir='ltr'><strong>facie</strong></span> <span class='ocrx_word' id='word_1_122' title='bbox 862 3035 1006 3100; x_wconf 90' lang='lat' dir='ltr'><strong>ostendit</strong></span> <span class='ocrx_word' id='word_1_123' title='bbox 1034 3034 1212 3121; x_wconf 71' lang='lat' dir='ltr'><strong>praedictus</strong></span> <span class='ocrx_word' id='word_1_124' title='bbox 1242 3034 1310 3098; x_wconf 86' lang='lat' dir='ltr'><strong>dux</strong></span> 
     </span>
     <span class='ocr_line' id='line_1_18' title="bbox 260 3135 1310 3224; baseline -0.002 -23"><span class='ocrx_word' id='word_1_125' title='bbox 260 3137 426 3224; x_wconf 84' lang='lat' dir='ltr'><strong>magistris</strong></span> <span class='ocrx_word' id='word_1_126' title='bbox 464 3136 631 3202; x_wconf 82' lang='lat' dir='ltr'><strong>catholicis</strong></span> <span class='ocrx_word' id='word_1_127' title='bbox 668 3137 799 3201; x_wconf 88' lang='lat' dir='ltr'><strong>vultum</strong></span> <span class='ocrx_word' id='word_1_128' title='bbox 837 3142 872 3201; x_wconf 91' lang='lat' dir='ltr'><strong>et</strong></span> <span class='ocrx_word' id='word_1_129' title='bbox 903 3135 1005 3201; x_wconf 90' lang='lat' dir='ltr'><strong>verba</strong></span> <span class='ocrx_word' id='word_1_130' title='bbox 1041 3135 1121 3200; x_wconf 86' lang='lat' dir='ltr'><strong>satie</strong></span> <span class='ocrx_word' id='word_1_131' title='bbox 1158 3141 1310 3200; x_wconf 83' lang='lat' dir='ltr'><strong>austera:</strong></span> 
     </span>
     <span class='ocr_line' id='line_1_19' title="bbox 262 3235 1311 3323; baseline -0.002 -21"><span class='ocrx_word' id='word_1_132' title='bbox 262 3239 320 3302; x_wconf 87' lang='lat' dir='ltr'><strong>sed</strong></span> <span class='ocrx_word' id='word_1_133' title='bbox 357 3244 497 3323; x_wconf 86' lang='lat' dir='ltr'><strong>utraque</strong></span> <span class='ocrx_word' id='word_1_134' title='bbox 546 3244 639 3323; x_wconf 82' lang='lat' dir='ltr'><strong>parte</strong></span> <span class='ocrx_word' id='word_1_135' title='bbox 680 3239 802 3314; x_wconf 82' lang='lat' dir='ltr'><strong>audita,</strong></span> <span class='ocrx_word' id='word_1_136' title='bbox 853 3237 1016 3323; x_wconf 88' lang='lat' dir='ltr'><strong>judicavit</strong></span> <span class='ocrx_word' id='word_1_137' title='bbox 1053 3235 1206 3301; x_wconf 87' lang='lat' dir='ltr'><strong>dominus</strong></span> <span class='ocrx_word' id='word_1_138' title='bbox 1243 3236 1311 3300; x_wconf 86' lang='lat' dir='ltr'><strong>dux</strong></span> 
     </span>
     <span class='ocr_line' id='line_1_20' title="bbox 261 3337 1313 3425; baseline -0.002 -21"><span class='ocrx_word' id='word_1_139' title='bbox 261 3339 433 3425; x_wconf 81' lang='lat' dir='ltr'><strong>praedictos</strong></span> <span class='ocrx_word' id='word_1_140' title='bbox 464 3338 651 3425; x_wconf 91' lang='lat' dir='ltr'><strong>Philippum</strong></span> <span class='ocrx_word' id='word_1_141' title='bbox 690 3344 724 3403; x_wconf 92' lang='lat' dir='ltr'><strong>et</strong></span> <span class='ocrx_word' id='word_1_142' title='bbox 762 3338 934 3404; x_wconf 84' lang='lat' dir='ltr'><strong>Nicolaum</strong></span> <span class='ocrx_word' id='word_1_143' title='bbox 971 3337 1078 3416; x_wconf 87' lang='lat' dir='ltr'><strong>laicos,</strong></span> <span class='ocrx_word' id='word_1_144' title='bbox 1110 3337 1164 3402; x_wconf 91' lang='lat' dir='ltr'><strong>vel</strong></span> <span class='ocrx_word' id='word_1_145' title='bbox 1202 3337 1313 3402; x_wconf 89' lang='lat' dir='ltr'><strong>demo·</strong></span> 
     </span>
     <span class='ocr_line' id='line_1_21' title="bbox 262 3437 1312 3525; baseline -0.002 -21"><span class='ocrx_word' id='word_1_146' title='bbox 262 3439 392 3504; x_wconf 83' lang='lat' dir='ltr'><strong>niacos:</strong></span> <span class='ocrx_word' id='word_1_147' title='bbox 420 3445 454 3503; x_wconf 88' lang='lat' dir='ltr'><strong>et</strong></span> <span class='ocrx_word' id='word_1_148' title='bbox 481 3439 528 3503; x_wconf 92' lang='lat' dir='ltr'><strong>ibi</strong></span> <span class='ocrx_word' id='word_1_149' title='bbox 553 3440 662 3525; x_wconf 90' lang='lat' dir='ltr'><strong>palam</strong></span> <span class='ocrx_word' id='word_1_150' title='bbox 688 3439 819 3504; x_wconf 90' lang='lat' dir='ltr'><strong>audivit</strong></span> <span class='ocrx_word' id='word_1_151' title='bbox 845 3439 950 3525; x_wconf 89' lang='lat' dir='ltr'><strong>qualis</strong></span> <span class='ocrx_word' id='word_1_152' title='bbox 974 3460 1086 3504; x_wconf 79' lang='lat' dir='ltr'><strong>eorum</strong></span> <span class='ocrx_word' id='word_1_153' title='bbox 1112 3437 1225 3524; x_wconf 89' lang='lat' dir='ltr'><strong>opinio</strong></span> <span class='ocrx_word' id='word_1_154' title='bbox 1248 3437 1312 3503; x_wconf 88' lang='lat' dir='ltr'><strong>fnit</strong></span> 
     </span>
     <span class='ocr_line' id='line_1_22' title="bbox 262 3540 1311 3620; baseline 0.002 -18"><span class='ocrx_word' id='word_1_155' title='bbox 262 3540 302 3603; x_wconf 89' lang='lat' dir='ltr'><strong>de</strong></span> <span class='ocrx_word' id='word_1_156' title='bbox 339 3546 540 3605; x_wconf 89' lang='lat' dir='ltr'><strong>sacramento</strong></span> <span class='ocrx_word' id='word_1_157' title='bbox 577 3540 689 3606; x_wconf 84' lang='lat' dir='ltr'><strong>altaris</strong></span> <span class='ocrx_word' id='word_1_158' title='bbox 727 3540 951 3620; x_wconf 83' lang='lat' dir='ltr'><strong>detestabilis3</strong></span> <span class='ocrx_word' id='word_1_159' title='bbox 989 3546 1024 3604; x_wconf 90' lang='lat' dir='ltr'><strong>et</strong></span> <span class='ocrx_word' id='word_1_160' title='bbox 1060 3560 1103 3605; x_wconf 83' lang='lat' dir='ltr'><strong>ex</strong></span> <span class='ocrx_word' id='word_1_161' title='bbox 1140 3545 1222 3606; x_wconf 92' lang='lat' dir='ltr'><strong>tunc</strong></span> <span class='ocrx_word' id='word_1_162' title='bbox 1258 3560 1311 3604; x_wconf 85' lang='lat' dir='ltr'><strong>eoo</strong></span> 
     </span>
     <span class='ocr_line' id='line_1_23' title="bbox 263 3640 528 3706; baseline 0 -2"><span class='ocrx_word' id='word_1_163' title='bbox 263 3662 377 3706; x_wconf 85' lang='lat' dir='ltr'><strong>exosos</strong></span> <span class='ocrx_word' id='word_1_164' title='bbox 403 3640 528 3706; x_wconf 88' lang='lat' dir='ltr'><strong>habuit.</strong></span> 
     </span>
     <span class='ocr_line' id='line_1_24' title="bbox 94 3742 1311 3828; baseline -0.002 -19"><span class='ocrx_word' id='word_1_165' title='bbox 94 3758 225 3811; x_wconf 76' lang='lat' dir='ltr'><strong>‘rhisml-</strong></span> <span class='ocrx_word' id='word_1_166' title='bbox 308 3742 350 3806; x_wconf 94' lang='lat' dir='ltr'><strong>In</strong></span> <span class='ocrx_word' id='word_1_167' title='bbox 380 3743 445 3806; x_wconf 85' lang='lat' dir='ltr'><strong>aha</strong></span> <span class='ocrx_word' id='word_1_168' title='bbox 483 3748 594 3807; x_wconf 89' lang='lat' dir='ltr'><strong>autem</strong></span> <span class='ocrx_word' id='word_1_169' title='bbox 631 3743 770 3808; x_wconf 89' lang='lat' dir='ltr'><strong>materia</strong></span> <span class='ocrx_word' id='word_1_170' title='bbox 799 3742 906 3807; x_wconf 90' lang='lat' dir='ltr'><strong>noluit</strong></span> <span class='ocrx_word' id='word_1_171' title='bbox 942 3742 1131 3828; x_wconf 79' lang='lat' dir='ltr'><strong>permittere</strong></span> <span class='ocrx_word' id='word_1_172' title='bbox 1168 3742 1311 3828; x_wconf 80' lang='lat' dir='ltr'><strong>aliquem</strong></span> 
     </span>
     <span class='ocr_line' id='line_1_25' title="bbox 94 3825 1325 3954; baseline 0.002 -46"><span class='ocrx_word' id='word_1_173' title='bbox 94 3825 218 3954; x_wconf 40' lang='lat' dir='ltr'><strong>&amp;iffi</strong></span> <span class='ocrx_word' id='word_1_174' title='bbox 264 3845 425 3908; x_wconf 88' lang='lat' dir='ltr'><strong>doctorem</strong></span> <span class='ocrx_word' id='word_1_175' title='bbox 463 3845 655 3930; x_wconf 87' lang='lat' dir='ltr'><strong>respondere</strong></span> <span class='ocrx_word' id='word_1_176' title='bbox 685 3845 739 3920; x_wconf 88' lang='lat' dir='ltr'><strong>eis,</strong></span> <span class='ocrx_word' id='word_1_177' title='bbox 772 3845 829 3908; x_wconf 87' lang='lat' dir='ltr'><strong>sod</strong></span> <span class='ocrx_word' id='word_1_178' title='bbox 859 3844 927 3929; x_wconf 88' lang='lat' dir='ltr'><strong>ipse</strong></span> <span class='ocrx_word' id='word_1_179' title='bbox 957 3844 1003 3909; x_wconf 89' lang='lat' dir='ltr'><strong>eis</strong></span> <span class='ocrx_word' id='word_1_180' title='bbox 1038 3843 1228 3928; x_wconf 90' lang='lat' dir='ltr'><strong>respondit;</strong></span> <span class='ocrx_word' id='word_1_181' title='bbox 1264 3843 1325 3911; x_wconf 75' lang='lat' dir='ltr'><strong>ia</strong></span> 
     </span>
     <span class='ocr_line' id='line_1_26' title="bbox 95 3944 1312 4030; baseline 0.001 -23"><span class='ocrx_word' id='word_1_182' title='bbox 95 3958 250 4021; x_wconf 70' lang='lat' dir='ltr'><strong>cathamo,</strong></span> <span class='ocrx_word' id='word_1_183' title='bbox 263 3945 351 4029; x_wconf 89' lang='lat' dir='ltr'><strong>quod</strong></span> <span class='ocrx_word' id='word_1_184' title='bbox 376 3945 439 4030; x_wconf 90' lang='lat' dir='ltr'><strong>ipsi</strong></span> <span class='ocrx_word' id='word_1_185' title='bbox 465 3968 531 4010; x_wconf 92' lang='lat' dir='ltr'><strong>non</strong></span> <span class='ocrx_word' id='word_1_186' title='bbox 555 3945 721 4009; x_wconf 86' lang='lat' dir='ltr'><strong>habehant</strong></span> <span class='ocrx_word' id='word_1_187' title='bbox 748 3945 828 4030; x_wconf 90' lang='lat' dir='ltr'><strong>quid</strong></span> <span class='ocrx_word' id='word_1_188' title='bbox 854 3946 1006 4010; x_wconf 81' lang='lat' dir='ltr'><strong>dicerent</strong></span> <span class='ocrx_word' id='word_1_189' title='bbox 1052 3944 1097 4009; x_wconf 88' lang='lat' dir='ltr'><strong>Et</strong></span> <span class='ocrx_word' id='word_1_190' title='bbox 1120 3944 1215 4010; x_wconf 79' lang='lat' dir='ltr'><strong>lectae</strong></span> <span class='ocrx_word' id='word_1_191' title='bbox 1235 3947 1312 4009; x_wconf 76' lang='lat' dir='ltr'><strong>srmt</strong></span> 
     </span>
     <span class='ocr_line' id='line_1_27' title="bbox 95 4024 1313 4139; baseline 0 -30"><span class='ocrx_word' id='word_1_192' title='bbox 95 4024 250 4139; x_wconf 54' lang='lat' dir='ltr'><strong>{ffffigwm</strong></span> <span class='ocrx_word' id='word_1_193' title='bbox 263 4047 294 4109; x_wconf 91' lang='lat' dir='ltr'><strong>ei</strong></span> <span class='ocrx_word' id='word_1_194' title='bbox 331 4047 550 4112; x_wconf 84' lang='lat' dir='ltr'><strong>conclusiones</strong></span> <span class='ocrx_word' id='word_1_195' title='bbox 589 4048 777 4127; x_wconf 81' lang='lat' dir='ltr'><strong>damnatae3</strong></span> <span class='ocrx_word' id='word_1_196' title='bbox 821 4046 940 4131; x_wconf 89' lang='lat' dir='ltr'><strong>quibus</strong></span> <span class='ocrx_word' id='word_1_197' title='bbox 987 4045 1118 4121; x_wconf 85' lang='lat' dir='ltr'><strong>auditis,</strong></span> <span class='ocrx_word' id='word_1_198' title='bbox 1158 4044 1313 4132; x_wconf 86' lang='lat' dir='ltr'><strong>cognovit</strong></span> 
     </span>
     <span class='ocr_line' id='line_1_28' title="bbox 95 4146 1311 4233; baseline 0.006 -30"><span class='ocrx_word' id='word_1_199' title='bbox 95 4154 226 4218; x_wconf 78' lang='lat' dir='ltr'><strong>ingdocu·</strong></span> <span class='ocrx_word' id='word_1_200' title='bbox 263 4168 318 4211; x_wconf 90' lang='lat' dir='ltr'><strong>eos</strong></span> <span class='ocrx_word' id='word_1_201' title='bbox 347 4147 429 4212; x_wconf 83' lang='lat' dir='ltr'><strong>falsa</strong></span> <span class='ocrx_word' id='word_1_202' title='bbox 458 4148 522 4211; x_wconf 90' lang='lat' dir='ltr'><strong>sihi</strong></span> <span class='ocrx_word' id='word_1_203' title='bbox 551 4149 763 4233; x_wconf 60' lang='lat' dir='ltr'><strong>suggessissem</strong></span> <span class='ocrx_word' id='word_1_204' title='bbox 803 4152 836 4211; x_wconf 92' lang='lat' dir='ltr'><strong>et</strong></span> <span class='ocrx_word' id='word_1_205' title='bbox 866 4148 913 4211; x_wconf 87' lang='lat' dir='ltr'><strong>sic</strong></span> <span class='ocrx_word' id='word_1_206' title='bbox 942 4154 1100 4231; x_wconf 89' lang='lat' dir='ltr'><strong>tanquam</strong></span> <span class='ocrx_word' id='word_1_207' title='bbox 1130 4146 1230 4211; x_wconf 85' lang='lat' dir='ltr'><strong>falsos</strong></span> <span class='ocrx_word' id='word_1_208' title='bbox 1259 4166 1311 4210; x_wconf 83' lang='lat' dir='ltr'><strong>eos</strong></span> 
     </span>
     <span class='ocr_line' id='line_1_29' title="bbox 95 4228 1313 4345; baseline -0.002 -32"><span class='ocrx_word' id='word_1_209' title='bbox 95 4228 215 4345; x_wconf 49' lang='lat' dir='ltr'><strong>ffiw,</strong></span> <span class='ocrx_word' id='word_1_210' title='bbox 263 4249 439 4334; x_wconf 88' lang='lat' dir='ltr'><strong>reputavit,</strong></span> <span class='ocrx_word' id='word_1_211' title='bbox 457 4252 491 4311; x_wconf 91' lang='lat' dir='ltr'><strong>et</strong></span> <span class='ocrx_word' id='word_1_212' title='bbox 510 4248 664 4333; x_wconf 87' lang='lat' dir='ltr'><strong>praecepit</strong></span> <span class='ocrx_word' id='word_1_213' title='bbox 689 4248 735 4311; x_wconf 87' lang='lat' dir='ltr'><strong>eis</strong></span> <span class='ocrx_word' id='word_1_214' title='bbox 757 4253 796 4312; x_wconf 90' lang='lat' dir='ltr'><strong>ut</strong></span> <span class='ocrx_word' id='word_1_215' title='bbox 819 4252 944 4313; x_wconf 83' lang='lat' dir='ltr'><strong>starent</strong></span> <span class='ocrx_word' id='word_1_216' title='bbox 966 4246 1166 4313; x_wconf 89' lang='lat' dir='ltr'><strong>ordinationi</strong></span> <span class='ocrx_word' id='word_1_217' title='bbox 1190 4243 1313 4311; x_wconf 92' lang='lat' dir='ltr'><strong>domini</strong></span> 
     </span>
     <span class='ocr_line' id='line_1_30' title="bbox 98 4346 1312 4433; baseline -0.002 -19"><span class='ocrx_word' id='word_1_218' title='bbox 98 4357 169 4403; x_wconf 79' lang='lat'>¹³⁸2·</span> <span class='ocrx_word' id='word_1_219' title='bbox 264 4348 501 4433; x_wconf 77' lang='lat' dir='ltr'><strong>archicpiscopi.</strong></span> <span class='ocrx_word' id='word_1_220' title='bbox 570 4346 635 4425; x_wconf 87' lang='lat' dir='ltr'><strong>Qui</strong></span> <span class='ocrx_word' id='word_1_221' title='bbox 681 4349 806 4413; x_wconf 88' lang='lat' dir='ltr'><strong>confusi</strong></span> <span class='ocrx_word' id='word_1_222' title='bbox 853 4354 1016 4414; x_wconf 90' lang='lat' dir='ltr'><strong>venerunt</strong></span> <span class='ocrx_word' id='word_1_223' title='bbox 1053 4347 1096 4412; x_wconf 86' lang='lat' dir='ltr'><strong>ad</strong></span> <span class='ocrx_word' id='word_1_224' title='bbox 1141 4347 1312 4412; x_wconf 89' lang='lat' dir='ltr'><strong>dominum</strong></span> 
     </span>
     <span class='ocr_line' id='line_1_31' title="bbox 263 4447 1313 4535; baseline -0.002 -22"><span class='ocrx_word' id='word_1_225' title='bbox 263 4448 544 4534; x_wconf 88' lang='lat' dir='ltr'><strong>archiepiscopum,</strong></span> <span class='ocrx_word' id='word_1_226' title='bbox 561 4447 619 4530; x_wconf 91' lang='lat' dir='ltr'><strong>qui</strong></span> <span class='ocrx_word' id='word_1_227' title='bbox 642 4447 687 4511; x_wconf 91' lang='lat' dir='ltr'><strong>eis</strong></span> <span class='ocrx_word' id='word_1_228' title='bbox 707 4450 888 4534; x_wconf 80' lang='lat' dir='ltr'><strong>assignavit</strong></span> <span class='ocrx_word' id='word_1_229' title='bbox 909 4449 1024 4514; x_wconf 86' lang='lat' dir='ltr'><strong>feriam</strong></span> <span class='ocrx_word' id='word_1_230' title='bbox 1045 4454 1175 4514; x_wconf 83' lang='lat' dir='ltr'><strong>sextam</strong></span> <span class='ocrx_word' id='word_1_231' title='bbox 1204 4447 1313 4535; x_wconf 84' lang='lat' dir='ltr'><strong>proxi-</strong></span> 
     </span>
     <span class='ocr_line' id='line_1_32' title="bbox 263 4547 1314 4632; baseline 0.001 -19"><span class='ocrx_word' id='word_1_232' title='bbox 263 4571 350 4613; x_wconf 89' lang='lat' dir='ltr'><strong>mam</strong></span> <span class='ocrx_word' id='word_1_233' title='bbox 373 4547 416 4611; x_wconf 88' lang='lat' dir='ltr'><strong>ad</strong></span> <span class='ocrx_word' id='word_1_234' title='bbox 435 4547 694 4632; x_wconf 73' lang='lat' dir='ltr'><strong>respondendum</strong></span> <span class='ocrx_word' id='word_1_235' title='bbox 712 4549 897 4629; x_wconf 86' lang='lat' dir='ltr'><strong>Londoniis,</strong></span> <span class='ocrx_word' id='word_1_236' title='bbox 921 4551 955 4616; x_wconf 92' lang='lat' dir='ltr'><strong>in</strong></span> <span class='ocrx_word' id='word_1_237' title='bbox 971 4556 1135 4617; x_wconf 85' lang='lat' dir='ltr'><strong>conventu</strong></span> <span class='ocrx_word' id='word_1_238' title='bbox 1152 4548 1314 4616; x_wconf 78' lang='lat' dir='ltr'><strong>Prrcdioo·</strong></span> 
     </span>
    </p>
   </div>
   <div class='ocr_carea' id='block_1_4' title="bbox 0 0 1584 5490">
    <p class='ocr_par' dir='ltr' id='par_1_4' title="bbox 0 0 1584 5490">
     <span class='ocr_line' id='line_1_33' title="bbox 0 0 1584 5490; baseline 0 0"><span class='ocrx_word' id='word_1_239' title='bbox 0 0 1584 5490; x_wconf 95' lang='lat' dir='ltr'><strong> </strong></span> 
     </span>
    </p>
   </div>
  </div>
 </body>
</html>
