3008 5490
148 714 164 777 Ι
519 723 697 778 rmcrcrmr
720 722 943 778 marmorum
1190 712 1252 777 431

148 940 157 991 ι
203 912 296 1005 quad
320 912 449 981 licitum
483 917 533 980 ost
563 914 703 980 dominis
727 912 1091 999 temporalibue,1mmc
1121 914 1164 979 ad
1197 915 1257 979 hoc

148 1032 158 1092 ι’
202 1018 365 1083 tuentur
396 1015 458 1081 sub
487 1036 586 1102 poena
619 1017 742 1102 pcccati
715 1014 931 1090 tmortalis,
964 1015 1105 1081 ecclesiae
1134 1036 1257 1103 posses·

201 1116 315 1187 donn
336 1118 411 1185 ab
401 1139 473 1204 rpsa
494 1117 628 1184 auferre.

250 1218 358 1309 Super
372 1241 437 1306 quo
459 1218 592 1306 quidem
613 1221 750 1287 articula
764 1219 920 1306 prefata
936 1219 1118 1286 Willelmus
1132 1220 1256 1306 Whyto

204 1320 418 1389 minatus
448 1321 621 1402 fatebatm,
653 1327 688 1386 et
717 1321 906 1408 recognovit
938 1321 1140 1407 judicialiter
1176 1329 1255 1388 tunc

202 1420 340 1501 meleu,
378 1423 466 1507 quod
503 1423 572 1509 ipse
610 1424 725 1499 tenuit,
764 1423 893 1510 scripsit
930 1428 964 1487 et
1010 1424 1128 1501 docuit,
1168 1424 1255 1510 quod

200 1522 337 1593 Beitum
376 1529 428 1589 est
457 1524 597 1589 dominis
635 1523 868 1611 temporalibus
906 1522 1031 1588 auferre
1068 1523 1254 1611 hujusmodi

202 1625 420 1717 puuicnes
446 1625 490 1691 ab
520 1626 658 1692 ecclesia
706 1626 803 1690 Dixit
826 1629 937 1690 temen
963 1626 1049 1711 quod
1080 1626 1148 1711 ipse
1169 1647 1254 1691 nun-

202 1748 308 1817 qmm
331 1728 449 1808 tenuit,
476 1729 613 1815 scripsit,
638 1749 697 1794 nec
724 1727 843 1802 docuit,
870 1728 958 1812 quod
982 1727 1105 1791 domini
1131 1731 1254 1813 tempo-

199 1828 289 1917 ηιμ
312 1828 375 1899 irco
400 1835 555 1897 tenentia
577 1829 682 1897 facere
707 1830 768 1896 sub
792 1850 891 1916 poena
916 1830 1039 1915 peceati
1065 1829 1218 1895 mortalis

666 2053 792 2118 XXIX

249 2202 338 2273 Item
373 2202 437 2269 tibi
467 2203 612 2280 dicimus,
647 2203 818 2288 objicimus
851 2208 886 2269 et
915 2176 1135 2280 articulamur,
1160 2203 1250 2289 quod
1265 2214 1362 2281 Capru,

197 2310 279 2401 poet
307 2310 343 2374 et
372 2312 486 2373 contra
521 2312 613 2373 tuam
643 2306 833 2393 praedictam
863 2304 1111 2393 abjurationem,
1147 2305 1225 2372 tu
1215 2327 1289 2398 mm
1264 2283 1385 2400 lmhor

198 2414 316 2475 nostra
342 2408 472 2474 dicecesi
495 2409 641 2484 tenuisti,
665 2407 842 2486 affirmasti,
807 2408 1024 2494 tscripsisti
1047 2415 1081 2475 et
1104 2408 1250 2483 docuisti,
1264 2350 1385 2466 thesefor

200 2512 294 2599 quod
317 2510 472 2576 nullibi
463 2533 499 2575 ιιι
528 2532 615 2576 nova
638 2510 709 2596 lege
744 2510 895 2575 Christus
924 2510 1080 2575 concessit
1110 2510 1251 2575 latrones

198 2616 239 2679 et
261 2612 484 2679 malefactores
513 2613 688 2698 suspendio
715 2613 767 2677 vel
794 2612 904 2697 aliquo
931 2611 996 2678 alio
1019 2613 1115 2677 modo
1140 2612 1249 2687 occidi,

197 2715 262 2803 qui
284 2720 431 2801 tempore
455 2715 656 2779 necessitatis
686 2714 773 2779 bona
798 2714 1021 2800 proximorum
1044 2714 1250 2779 abstrderunt

198 2816 247 2883 ad
275 2816 397 2904 seipsos
426 2816 624 2891 relevandae,
660 2816 725 2892 sed,
761 2837 779 2880 e
809 2837 972 2893 converso,
1006 2815 1116 2899 justus
1145 2815 1251 2900 judex

198 2916 353 2987 obnata
374 2940 432 3004 per
453 2918 622 2983 mulierem
646 2917 876 3005 deprehensam
899 2918 935 2982 in
956 2918 1124 2993 adulterio,
1142 2919 1251 2983 dicens

203 3018 309 3096 Vada,
330 3019 406 3101 etc.,¹
424 3021 676 3107 exemplificavit
698 3020 792 3086 nobis
814 3019 1025 3085 homicidium
1048 3021 1250 3088 nullomodo

198 3120 271 3189 fore
292 3122 427 3188 licitum

245 3224 301 3290 Ad
332 3225 433 3290 istum
456 3225 561 3290 dictus
583 3222 767 3289 Willelmus
790 3223 917 3310 Whyte
941 3225 1027 3290 dixit
1050 3231 1084 3290 et
1110 3227 1247 3291 asseruit

198 3326 238 3393 in
259 3325 385 3413 judicio
399 3332 479 3391 tunc
503 3327 633 3402 ibidem,
659 3328 747 3412 quod
770 3326 860 3391 nullo
883 3329 978 3392 modo
1001 3327 1077 3392 licet
1099 3327 1165 3391 illis
1192 3329 1248 3414 qui

199 3428 357 3497 deberent
379 3450 447 3495 eme
470 3428 620 3516 discipuli
644 3429 768 3494 Christi
792 3429 972 3495 interficere
996 3429 1144 3514 aliquem.

673 3637 780 3703 XXX.

244 3785 332 3852 Item
362 3786 426 3851 tibi
464 3786 607 3862 dicimus,
641 3787 812 3872 objicimus
849 3794 882 3853 et
868 3788 1132 3866 tarticulamur,
1162 3791 1249 3877 quod
1262 3806 1322 3859 Ian
1323 3808 1417 3861 sulcem

197 3874 273 3977 post
287 3894 322 3954 et
342 3893 457 3954 contra
478 3895 571 3954 tuam
599 3889 788 3976 praedictam
813 3891 1087 3976 abjurationemf
1079 3915 1113 3956 m
1138 3875 1327 3958 nostra‘ff'

201 3990 334 4057 dioecesi
364 3997 404 4055 tu
445 3989 606 4066 tenuisti,2
640 3989 816 4069 affirmasti,
849 3993 1004 4079 scripsisti
1039 3999 1073 4059 et
1111 3995 1249 4061 docuisti

197 4093 287 4179 quod
308 4092 392 4158 nulli
411 4093 488 4158 licet
511 4116 569 4180 pro
587 4095 663 4180 jure
687 4094 893 4160 hoereditario
908 4117 975 4171 suo,
993 4095 1044 4160 vel
1068 4118 1126 4181 pro
1141 4099 1249 4182 patria

197 4214 351 4282 pugnare,
380 4193 459 4260 dum
485 4195 561 4260 talis
585 4218 658 4261 oum
682 4203 809 4283 pugnat
839 4198 1010 4262 caritatem
1040 4199 1156 4283 perdit,
1184 4220 1249 4284 qua

196 4297 385 4385 proximum
412 4297 571 4385 diligeret,
598 4304 632 4366 et
654 4299 700 4366 sic
726 4300 762 4365 in
788 4304 919 4386 peceato
943 4299 1074 4364 mortali
1095 4300 1246 4377 existens,

909 4505 1078 4513 *-

232 4638 325 4695 ¹John
341 4638 406 4702 viii,
417 4643 455 4691 ll.
713 4639 719 4709 Ι
767 4640 897 4706 'anaulfi
911 4639 1001 4701 texisti,
1013 4639 1078 4701 MS,
1090 4640 1230 4694 firrthand.
