3158 5490
290 694 356 758 426
602 702 781 756 riscrcunr
802 703 1028 756 zrzsmoamc

121 909 233 977 through
289 895 433 956 nostram
464 890 629 956 clioecesim
668 895 706 955 tu
736 890 881 968 tenuisti,
911 888 1092 965 affirmasti,
1123 887 1289 976 scripsisti
1317 892 1351 953 et

122 977 242 1044 cuibaey.
289 993 436 1069 docuisti,
468 994 557 1079 quod
581 998 756 1081 postquam
791 992 975 1080 presbyteri
1011 991 1281 1078 prohibebantur
1315 991 1350 1055 in

288 1095 411 1182 Anglia
434 1116 553 1161 uxores
579 1094 697 1161 ducere
726 1118 786 1183 per
815 1096 939 1160 curiam
969 1093 1167 1172 Romanam,
1196 1116 1241 1160 ex
1270 1098 1349 1159 tunc

288 1220 400 1264 eorum
427 1197 544 1263 salaria
567 1197 770 1264 horribiliter
796 1203 978 1273 creverunt,
1003 1196 1040 1261 in
1066 1201 1217 1276 tantum,
1243 1203 1283 1262 ut
1309 1195 1348 1261 dc

289 1300 487 1387 pauperibus
513 1304 548 1366 et
573 1301 725 1366 manibus
748 1298 976 1367 laborantibus
993 1299 1065 1385 jam
1081 1300 1173 1366 fiunt
1188 1298 1345 1388 gennad,

290 1403 358 1468 otio
380 1407 535 1469 vacantes
558 1408 592 1469 et
614 1402 754 1469 libidini

334 1504 442 1571 Istum
479 1504 655 1571 articulum
692 1504 848 1593 praefatus
885 1502 1069 1572 Willelmus
1099 1502 1233 1592 Wbyte
1269 1510 1346 1571 tunc

290 1608 411 1674 ibidem
440 1608 643 1694 judicialiter
664 1608 839 1684 fatebatur,
863 1613 898 1674 et
919 1607 1111 1697 recognovit
1133 1629 1170 1674 se
1195 1607 1344 1683 tenuisse,

290 1710 474 1788 affirmasse,
499 1710 663 1799 scripsisse
685 1715 721 1776 et
742 1710 939 1798 praediccssc

747 1898 879 1966 XVIII.

196 2069 237 2102 vn
335 2033 424 2104 Item
454 2038 517 2104 tibi
547 2037 725 2125 objicimus,
765 2038 903 2104 dicimus
939 2042 974 2103 et
1002 2036 1230 2115 amiculamur,
1261 2036 1344 2123 quod

288 2143 409 2225 postet
429 2144 544 2204 contra
570 2146 662 2207 tuam
688 2140 879 2228 praedictam
894 2140 1144 2224 abjurationem,
1161 2140 1251 2205 infin
1274 2162 1343 2205 nos·

289 2247 375 2306 tram
414 2242 587 2321 dioecesim,
628 2248 666 2308 tu
703 2243 847 2320 tenuati,
889 2241 1059 2307 affirmasti
1107 2242 1274 2328 scripsisti
1308 2246 1341 2306 et

291 2343 439 2420 docuisti,
467 2345 555 2430 quod
581 2346 726 2410 multum
750 2345 822 2422 tibi,
849 2345 907 2430 qui
933 2345 1105 2431 presbyter
1127 2366 1172 2419 es,
1195 2348 1283 2411 essct
1296 2345 1342 2408 in-

291 2447 467 2532 expediens
489 2446 613 2512 licitam
636 2447 796 2513 virtutem
819 2445 1022 2533 virginitatis
1048 2446 1236 2532 corporalis,
1261 2468 1341 2511 nun-

291 2571 390 2635 quam
414 2572 435 2614 a
459 2549 530 2615 Deo
551 2549 614 2615 tibi
638 2548 807 2627 traditam,
830 2570 996 2635 usurpare,
1024 2553 1059 2613 et
1081 2546 1226 2631 abjicere
1248 2552 1341 2613 tuum

290 2651 459 2737 proprimn
497 2653 619 2716 donum
657 2650 866 2726 matrImcnii,
906 2650 969 2716 tibi
1007 2673 1028 2714 a
1058 2650 1206 2716 Domino
1245 2650 1341 2716 libere

290 2754 453 2818 collatum.

337 2854 445 2920 Istum
484 2854 658 2920 articulum
696 2855 852 2941 praefatus
879 2853 1062 2921 Willelmus
1101 2853 1229 2940 Whyte
1264 2862 1342 2920 tunc

291 2956 413 3021 ibidem
437 2955 614 3034 fatebatur,
640 2963 674 3022 et
698 2956 888 3044 recognovit
905 2956 1109 3042 judicialiter
1131 2978 1167 3022 se
1190 2957 1341 3031 tenuisse,

291 3056 461 3146 scripsisse,
501 3058 676 3125 affirmasse
717 3064 751 3125 et
788 3056 940 3138 docuisse,
989 3063 1064 3147 post
1101 3058 1343 3147 abjurationem

290 3182 383 3226 suam
404 3159 604 3249 praedictam.

770 3348 857 3417 XIX

189 3530 243 3565 eme
334 3486 421 3553 Item
453 3486 515 3554 tibi
547 3487 692 3564 dicirnus,
725 3487 895 3573 objicimus
924 3491 959 3552 et
992 3483 1216 3565 a1ticulamur,
1255 3485 1342 3574 quod

122 3595 171 3629 '²¹¹⁰
184 3581 206 3630 '⁰
288 3596 412 3674 postet
433 3596 548 3656 contra
570 3592 689 3655 dictam
713 3595 806 3655 tuam
829 3590 1077 3677 abjmaticnem,
1093 3590 1181 3654 Infra
1196 3596 1341 3655 nostram

289 3689 462 3770 dioeccsim,
479 3692 623 3769 tenuisti,
640 3690 818 3768 affirmasti,
842 3690 999 3778 scripsisti
1022 3696 1056 3756 et
1080 3689 1230 3768 docuisti,
1255 3691 1342 3777 quod

288 3787 492 3859 infirmorum
532 3817 666 3881 corpora
703 3794 825 3859 frustra
863 3815 937 3859 cum
975 3793 1045 3858 oleo
1083 3792 1251 3858 materiali
1283 3814 1341 3879 per

290 3896 476 3982 episcopum
514 3893 714 3962 consecrato¹
747 3897 899 3961 linuntur
938 3917 995 3960 seu
1027 3900 1223 3981 unguntum
1267 3916 1340 3959 cum

288 4003 435 4062 extrema
458 3999 570 4064 unctio
600 3999 682 4063 nihil
712 3998 803 4062 aliud
833 3998 878 4063 sit
914 4018 1011 4081 quam
1043 3996 1278 4062 misericordiae
1307 4002 1341 4060 et

288 4098 430 4183 Spiritus
454 4099 566 4164 Sancti
589 4097 704 4186 gratiae
727 4100 855 4165 infusio.

333 4199 440 4266 Istmn
469 4200 644 4267 articulum
675 4202 775 4267 etiam
806 4201 963 4288 praefatus
994 4199 1182 4267 Willelmm
1212 4200 1338 4287 Wbyte

286 4302 400 4379 tenuit,
425 4302 610 4381 affirmavit,
635 4304 764 4390 scripsit
782 4310 817 4369 et
843 4304 962 4386 docuit,
985 4307 1062 4390 post
1086 4310 1123 4369 et
1144 4309 1263 4369 contra
1284 4304 1342 4369 ab

583 4614 589 4653 ¹
602 4620 753 4688 cumrato]
765 4628 919 4685 comecnts,
932 4618 987 4673 Il&
