3008 5490
539 747 720 800 rsecrcunr
743 747 968 801 zrzsurouurc
1211 736 1278 808 ‚413

223 936 288 1003 sub
319 936 445 1003 ratione
472 936 696 1014 humanitatis,
729 936 787 1003 sed
810 935 917 1002 solum
948 937 1010 1002 sub
1042 935 1169 1001 ratione
1199 935 1279 1001 Dei-

225 1039 316 1108 tetis

733 1244 772 1311 V.

272 1367 465 1434 Dominium
492 1370 587 1436 civile
620 1369 674 1435 vel
703 1368 855 1447 seculare,
885 1370 974 1456 quod
1008 1368 1069 1436 est¹
1096 1373 1197 1456 juxto
1226 1393 1278 1437 me
1292 1394 1399 1448 cledon

223 1471 314 1539 idern
338 1493 414 1537 cum
438 1472 535 1549 civili,
563 1477 614 1539 est
637 1472 686 1540 its
712 1472 937 1560 imperfectum
958 1473 1047 1559 quod
1068 1473 1159 1538 nullo
1182 1475 1278 1539 modo
1291 1462 1409 1529 ¹⁰ffi⁸l¹l

224 1572 296 1640 slot
332 1596 408 1640 cum
455 1574 653 1663 perfectione
704 1574 904 1641 sacerdotali
965 1575 1010 1639 Et
1046 1575 1136 1639 nullo
1181 1577 1277 1643 modo

225 1675 379 1748 Christus
401 1677 509 1745 voluit
530 1679 711 1745 sacerdotes
734 1677 874 1745 ccclesiae
898 1675 1007 1743 taliter
1030 1677 1197 1743 dominari

719 1905 780 1972 VI.

271 2031 362 2097 Deus
391 2052 456 2098 non
483 2031 557 2097 vult
585 2032 757 2098 voluntate
780 2031 984 2118 beneplaciti,
1008 2032 1065 2097 sed
1087 2031 1277 2119 permissive
1291 2051 1384 2105 bivine

224 2120 340 2211 solum,
362 2156 453 2221 reges
474 2140 508 2201 et
528 2135 691 2222 principes
709 2135 978 2221 qualitercunque
996 2135 1098 2200 bonos
1116 2136 1278 2201 dominari
1290 2120 1400 2252 2222&

224 2236 368 2304 civiliter
387 2259 485 2323 super
511 2259 621 2303 se1vos
641 2260 724 2315 suos,
744 2243 778 2303 et
797 2258 899 2326 regno
918 2243 977 2304 out
998 2237 1144 2303 dominia
1165 2259 1278 2305 eorum

225 2338 429 2426 temporalis

717 2541 796 2608 VII.

271 2667 462 2734 Communis
487 2669 603 2733 modus
640 2668 846 2734 mendicandi
892 2667 1030 2734 fratrum
1060 2671 1111 2734 est
1143 2668 1276 2734 omnino
1289 2679 1417 2744 Religion

224 2769 402 2838 damnosus
424 2776 458 2836 et
480 2770 695 2837 exsecrabilis.
1288 2746 1383 2880 iffi·

703 2974 804 3040 VIII.

269 3098 461 3184 Quicunque
494 3104 615 3165 sanctie
649 3101 735 3165 cruci
766 3097 889 3165 Christi
922 3099 1068 3176 offerens,
1094 3099 1146 3166 vel
1178 3099 1274 3167 alicui
1287 3111 1408 3179 Worship

223 3208 346 3282 meto,
370 3201 547 3268 commuue
569 3201 762 3268 idolatriam.
1286 3179 1397 3297 ‘2102‘oe
1407 3248 1438 3299 u

1287 3311 1373 3364 miste

725 3402 784 3469 III

271 3528 363 3593 Licet
385 3529 536 3613 quaedom
560 3529 780 3594 conclusiones
805 3530 980 3615 proemissae
1004 3530 1168 3596 domums
1199 3528 1274 3606 sint,
1288 3554 1399 3623 Am„

222 3637 258 3697 et
278 3631 461 3717 reprobstae
483 3653 540 3718 per
563 3631 734 3696 concilium
753 3631 901 3718 generale
926 3632 1185 3712 Oonstunciense‚
1208 3624 1330 3697 non¹¹¹²
1341 3623 1426 3676 ⁰⁰⁰⁰·

223 3733 334 3799 minus
356 3740 436 3800 sunt
467 3756 561 3810 veroe,
594 3732 769 3810 catholicoe,
801 3740 836 3800 et
866 3734 1054 3821 approbetae
1083 3756 1141 3822 per
1170 3735 1275 3823 legem
1288 3689 1435 3814 glirium

224 3835 360 3902 Domini
383 3837 488 3902 uostn'
510 3835 591 3902 Jesu
617 3833 751 3904 Christi

249 4036 457 4123 Expliciuul
484 4037 716 4105 conclusiones
741 4038 903 4124 mopistri
936 4038 1098 4108 willelmi
1121 4040 1251 4129 raptor.

661 4355 668 4387 ¹
681 4353 730 4421 err]
744 4369 791 4417 me,
803 4352 860 4408 MS.
