3158 5490
574 745 754 796 mscrcunr
776 745 1001 796 ammonam
1273 734 1314 806 71

257 932 438 999 declaravit
475 931 638 1017 quomodo
675 932 766 998 Deus
796 939 847 999 est
876 931 988 999 omnia
1024 933 1061 998 in
1090 933 1250 1011 omnibus,
1282 941 1317 1001 et
1419 926 1421 931 ’

259 1040 371 1100 tamen
410 1033 500 1099 Deus
537 1056 606 1100 non
634 1039 685 1099 est
714 1057 802 1120 aqua
837 1036 874 1099 in
910 1041 1109 1115 vasatum
1145 1038 1316 1104 ostendam

258 1138 434 1202 veritatem
464 1136 693 1222 propositionis
723 1158 812 1203 meae.

303 1238 363 1303 IV.
387 1237 515 1318 Quarto
533 1238 643 1324 arguit
673 1237 881 1303 difficulter
871 1261 909 1302 m
937 1238 1003 1304 ulia
1032 1240 1172 1306 materia
1199 1246 1315 1307 eontra
1326 1253 1458 1336 Fomttly,

258 1360 312 1405 me
335 1339 403 1417 sio;
436 1339 516 1425 quia
540 1339 612 1404 dixi
625 1341 726 1457 ‘quod
751 1361 819 1405 non
844 1340 1000 1425 sequitur,
1024 1360 1048 1407 o
1069 1348 1121 1407 est
1146 1343 1318 1429 cognitum
1325 1321 1464 1439 mm

259 1440 339 1517 Deo,
364 1462 440 1528 ergo
469 1462 493 1507 a
518 1446 575 1518 est,
599 1441 664 1506 nisi
689 1440 774 1507 forte
797 1441 976 1527 accipiatur
997 1442 1047 1506 ibi
1072 1465 1140 1510 esse
1162 1467 1222 1530 pro
1246 1453 1477 1511 essedariorum

258 1540 429 1628 objectiva
1326 1521 1485 1637 {mm

306 1643 375 1710 Hie
399 1642 478 1709 dioit
503 1643 662 1730 Magister
686 1646 775 1730 quod
803 1643 909 1730 primo
923 1644 999 1710 vult
1023 1644 1177 1711 eolorare¹
1205 1667 1315 1733 super
1328 1651 1484 1705 dormires

259 1744 373 1822 fluum,
401 1751 435 1810 et
459 1751 572 1832 postea
601 1767 728 1811 sumere
757 1747 848 1831 quod
877 1750 927 1810 est
952 1766 1075 1811 verum,
1105 1747 1224 1812 “Nam
1253 1748 1316 1813 iste

260 1855 279 1882 “
293 1846 482 1923 terminus,'’
512 1846 630 1932 inquit,
657 1846 777 1932 “sotte,
809 1847 970 1934 superflue
1000 1848 1135 1934 ponitur
1159 1850 1195 1914 in
1221 1870 1316 1936 ergu-

259 1956 279 1985 “
292 1953 429 2026 mento;
461 1969 500 2013 eo
529 1949 618 2032 quod
645 1948 775 2014 nullum
804 1955 966 2014 aeternum
992 1954 1042 2014 est
1067 1950 1249 2027 fortuitum,
1282 1956 1316 2017 et

260 2058 361 2115 “esse
391 2049 592 2135 objectivum
620 2054 672 2116 est
699 2049 889 2116 aetemum.”
949 2049 1086 2117 Certum
1122 2059 1173 2118 est
1201 2058 1315 2118 tamen

260 2152 348 2237 quod
371 2152 409 2237 ly
425 2149 517 2237 forte
541 2172 609 2216 non
631 2151 829 2217 determinat
854 2152 902 2216 ibi
920 2171 988 2218 esse
1012 2153 1234 2239 objectivum3
1258 2155 1317 2220 sed

259 2253 321 2319 hoo
356 2252 496 2318 verbum
529 2251 734 2338 saepiatur,
763 2253 841 2339 quia
869 2253 946 2319 talis
976 2261 1048 2320 erat
1077 2256 1234 2342 exceptio,
1251 2255 1317 2320 nisi

259 2353 344 2420 forte
358 2355 571 2441 inquantum
590 2355 769 2441 aooipiatur
789 2355 837 2419 ibi
858 2376 925 2420 esse
948 2376 1008 2441 pro
1022 2377 1090 2421 erse
1110 2356 1316 2443 subjectivor

260 2460 296 2521 et
322 2457 419 2522 oredo
449 2458 538 2542 quod
570 2455 647 2522 talis
685 2457 829 2542 aoeeptio
858 2456 992 2521 termini
1021 2463 1071 2522 est
1100 2459 1206 2523 solum
1235 2464 1318 2523 tem-

260 2557 380 2644 poralis
409 2562 445 2623 et
473 2578 541 2623 non
577 2561 709 2634 aterna
738 2557 888 2643 quamvis
924 2578 976 2623 res
1012 2558 1197 2644 significata
1233 2558 1319 2625 foret

259 2663 392 2724 aeterna
449 2657 488 2726 Si
517 2664 631 2726 tamen
662 2658 826 2745 intelligat
856 2657 981 2723 Doctor
1009 2659 1110 2725 telem
1140 2660 1319 2724 terminum

261 2759 467 2847 superfluere,
505 2781 570 2849 quo
607 2745 755 2847 apposito
794 2760 848 2823 vel
879 2759 996 2824 omisso
1025 2780 1092 2825 non
1121 2760 1226 2847 magis
1264 2761 1319 2825 vel

261 2861 373 2927 minus
386 2862 511 2927 valeret
533 2867 771 2949 argumentum,
788 2867 869 2926 tuno
883 2860 1021 2947 ipsemet
1036 2860 1160 2927 Doetor
1181 2861 1319 2925 assumit

260 2963 489 3049 superfluum3
520 2985 599 3028 nam
629 2963 665 3028 in
693 2961 887 3050 probatione
916 2962 1030 3048 glossae
1060 2973 1129 3028 suae
1170 2962 1318 3048 superius

263 3065 409 3131 recitata
438 3064 484 3129 sio
513 3065 631 3152 arguit.
678 3065 843 3131 “Natura
879 3062 1024 3128 humano
1061 3068 1111 3128 est
1139 3064 1176 3126 in
1212 3064 1320 3150 primo

261 3174 281 3201 “
295 3169 439 3252 parente,
462 3172 496 3231 et
515 3171 591 3231 tota
615 3165 703 3230 linea
726 3164 920 3230 naturaliter
943 3165 985 3229 ab
1008 3185 1046 3230 eo
1067 3170 1246 3251 propagata
1269 3169 1320 3230 est

262 3276 282 3304 “
296 3267 418 3332 vitiata
430 3267 496 3347 ;'et
524 3267 626 3333 Amos
650 3272 700 3332 est
722 3266 888 3353 propheta,
913 3287 989 3353 ergo
1019 3287 1088 3331 non
1117 3271 1167 3330 est
1192 3286 1251 3351 per
1273 3287 1315 3343 se,

263 3377 282 3405 “
297 3389 341 3433 ex
369 3368 474 3455 speeie
502 3368 555 3433 vel
585 3388 709 3455 genere,
740 3366 925 3454 propheta”
974 3366 1116 3432 Videtur
1144 3367 1198 3432 hio
1227 3368 1317 3454 quod

261 3469 324 3535 hoo
346 3474 455 3535 totum
481 3469 661 3555 superfluit,
686 3469 789 3534 Amos
814 3474 864 3533 est
886 3469 1065 3555 propheta;
1095 3490 1173 3533 nam
1199 3491 1220 3534 a
1244 3469 1317 3555 pari

261 3569 417 3657 sequitur,
442 3578 562 3636 natura
584 3571 729 3634 humano
748 3575 798 3634 est
821 3571 857 3632 in
880 3570 985 3655 primo
1013 3575 1156 3656 parente,
1182 3576 1217 3634 et
1244 3575 1319 3636 tota

262 3671 350 3737 linea
368 3671 564 3737 naturaliter
587 3671 630 3736 ab
653 3691 691 3736 eo
712 3676 891 3757 propagata
916 3676 966 3735 est
988 3671 1131 3751 vitiata3
1154 3676 1188 3735 et
1214 3669 1317 3737 Amos

261 3794 330 3839 non
353 3778 404 3838 est
429 3771 595 3859 propheta,
622 3792 699 3858 ergo
724 3793 791 3836 non
821 3775 871 3836 est
896 3791 954 3857 per
983 3792 1025 3847 se,
1057 3793 1100 3836 ex
1129 3771 1233 3858 specie
1262 3773 1318 3837 vel

261 3896 386 3961 genere,
402 3875 568 3961 propheta
603 3873 686 3938 Eoos
701 3893 794 3958 aeque
808 3873 897 3937 valet
912 3872 973 3937 hoo
987 3879 1217 3958 argumentum
1232 3875 1318 3940 siout

262 3976 405 4061 primum
417 4000 426 4056 ;
473 3997 549 4062 ergo
586 3996 746 4061 apponere
784 3976 872 4059 quod
910 3973 1015 4038 Amos
1054 3979 1103 4039 est
1155 3976 1316 4062 propheta

262 4076 396 4141 videtur
422 4098 490 4140 esse
515 4076 723 4163 superfluum,
740 4076 840 4139 immo
863 4074 891 4139 si
913 4079 1069 4139 neutrum
1091 4083 1314 4163 apponeretur,

262 4178 343 4242 satis
385 4178 508 4242 voleret
552 4181 790 4263 argumentum,
830 4197 868 4240 eo
906 4176 994 4263 quod
1031 4197 1229 4262 consequens
1266 4182 1316 4244 est

262 4277 412 4344 absolute
435 4279 658 4343 necessarium.

296 4559 444 4627 ¹colorare]
464 4563 571 4628 perhaps
591 4564 684 4615 tollere.
720 4563 776 4615 ΜΒ.
798 4563 844 4614 has
866 4562 957 4625 coldre,
980 4578 1009 4614 so
1031 4565 1085 4616 that
1113 4565 1156 4616 the
1184 4563 1315 4615 alteration

262 4641 349 4691 world
359 4648 404 4691 not
416 4643 448 4693 be
459 4641 572 4694 diffloult.
