3008 5490
540 713 727 770 inmercum
749 713 972 764 zrzamoama
1216 703 1278 791 381

274 892 323 958 Et
352 890 434 957 ordo
464 890 530 956 iate
556 888 697 955 fratrum
729 894 779 954 est
809 889 1024 966 latrocinium,
1055 911 1129 955 oum
1151 889 1286 956 felonioe

223 992 384 1060 furentur
408 1014 527 1080 pueros
556 991 593 1056 in
617 1013 713 1056 suum
738 991 904 1056 ordinem:
944 997 978 1055 et
1004 992 1077 1056 ideo
1099 991 1187 1056 fures
1209 996 1287 1057 sunt

223 1100 263 1162 et
292 1094 446 1172 latrones,
479 1115 548 1158 non
573 1093 736 1157 intrantes
767 1115 825 1178 per
858 1091 1026 1157 Christum
1063 1094 1191 1170 ostium,
1229 1093 1287 1158 sed

223 1197 372 1275 aliunde,
396 1200 437 1261 ut
459 1195 611 1260 furentur
633 1199 668 1259 et
690 1198 843 1270 mactent,
868 1198 910 1284 et
924 1194 1083 1279 perdant:

274 1300 323 1365 Et
347 1299 457 1375 terti0,
486 1297 566 1382 quia
592 1298 656 1362 iste
679 1297 758 1362 ordo
780 1295 920 1361 fratrum
943 1302 993 1361 est
1017 1298 1106 1380 quod
1128 1297 1287 1384 multipli-

224 1402 312 1468 citer
336 1400 460 1464 vivunt
481 1402 597 1463 eontra
620 1397 768 1463 ordinem
799 1397 924 1462 Christi
948 1403 982 1463 et
1004 1405 1116 1463 contra
1138 1399 1285 1464 ordinem

224 1487 505 1588 suimetipsorum,
531 1499 610 1585 quia
636 1503 751 1564 eontra
780 1499 921 1584 primum
946 1500 1137 1564 institutum
1164 1500 1285 1564 ordinis

224 1605 385 1692 ipsorum,
412 1607 448 1668 et
472 1606 589 1667 eontra
612 1598 698 1666 haee¹
724 1621 798 1686 quae
824 1600 938 1664 dieunt
960 1606 994 1665 et
1017 1602 1214 1680 ostendunt3
1237 1601 1286 1665 ita

225 1705 322 1793 quod
345 1709 425 1769 aunt
456 1703 493 1767 in
519 1701 612 1766 nullo
642 1701 763 1778 ordine,
792 1706 831 1765 ut
860 1701 957 1787 plane
988 1707 1080 1786 patet
1110 1723 1168 1787 per
1189 1723 1286 1788 opera

225 1807 373 1884 illorum,
398 1810 433 1870 et
456 1825 515 1889 per
545 1802 577 1867 S.
602 1801 834 1888 Hildegarem²
871 1803 1040 1888 virginem,
1076 1804 1167 1888 eujus
1198 1803 1286 1868 diota

227 1909 414 1997 appmbata
443 1911 478 1970 et
504 1905 698 1970 canonizata
726 1904 872 1968 suntab
903 1904 1051 1990 Eugenio
1080 1926 1172 1990 papa,
1204 1927 1288 1990 prae-

227 2015 326 2078 sente
353 2009 384 2074 S.
410 2007 587 2085 Bemardo,
620 2010 654 2071 et
681 2006 753 2070 aliia
780 2005 893 2073 muItis
923 2006 959 2069 in
996 2007 1129 2071 coneilio
1168 2005 1287 2071 Treve-

228 2109 362 2178 rensiz³

278 2214 324 2278 Et
355 2212 434 2299 quia
464 2210 582 2276 fratres
606 2210 751 2280 maxime
780 2208 964 2295 ponderant
989 2209 1089 2272 istum
1119 2209 1284 2274 ordinem:

230 2316 308 2381 ideo
338 2315 411 2379 dixi
440 2314 531 2399 quod
561 2312 640 2378 ordo
674 2311 814 2376 fratrum
851 2315 901 2374 est
931 2310 1137 2376 introductus
1167 2317 1287 2398 praeter

230 2418 340 2504 legem
364 2415 498 2482 Christi

720 2707 820 2773 XIII.

279 2874 526 2951 Tertiodecimo,
550 2873 639 2959 quod
662 2893 722 2936 neo
742 2871 856 2957 religio
876 2871 1067 2937 monialium
1090 2874 1188 2940 debet
1210 2895 1285 2940 esse
1298 2887 1412 2956 Norany

281 2978 365 3041 Dico
404 2975 493 3061 quod
530 2973 667 3058 Reliyio
698 2970 836 3038 manda
867 2979 897 3038 et
933 2972 1159 3041 dorononiam
1189 2970 1369 3061 apuam·

233 3079 352 3143 Deam
366 3077 507 3143 Patrem
530 3075 598 3141 Iroee
620 3082 674 3151 eat,
699 3073 840 3139 visitare
859 3073 1018 3160 pupillos
1044 3084 1073 3142 et
1097 3077 1223 3142 viduae
1243 3078 1288 3142 ia

233 3177 462 3247 tribulatione
486 3199 628 3256 eoram;
660 3184 689 3241 et
713 3175 1034 3243 tomolatense
1057 3179 1225 3244 eaetodire
1247 3178 1288 3243 ab

234 3278 441 3346 haeseram*
495 3277 561 3343 Sed
607 3278 686 3364 quia
731 3278 803 3342 istae
852 3278 1008 3342 moniales
1046 3281 1290 3344 constituuntur

234 3389 376 3448 rectores
406 3381 611 3445 ecelesiarum
623 3404 631 3458 ;
666 3385 700 3443 et
730 3379 891 3464 recipiunt
920 3378 1044 3444 finctus
1075 3387 1109 3444 et
1140 3381 1288 3460 decimas,

235 3505 310 3569 quae
341 3488 420 3547 sunt
450 3482 578 3546 tributa
609 3481 776 3566 egentium
811 3481 1003 3556 animarum,
1028 3487 1063 3547 et
1086 3503 1184 3546 avare
1213 3483 1290 3547 reti-

235 3590 327 3661 nent,
368 3589 402 3648 et
451 3604 518 3647 non
565 3581 766 3646 subveniunt
803 3581 879 3644 inde
917 3583 1036 3667 egenis,
1074 3604 1134 3648 nee
1171 3590 1290 3670 regunt

236 3685 397 3771 quasdam
427 3684 576 3749 eeclesias
614 3705 695 3768 quas
728 3683 894 3768 possident
929 3683 1032 3749 officio
1055 3687 1210 3770 pastorali
1232 3709 1291 3773 per

224 3809 280 3877 yse,
312 3807 373 3850 neo
407 3808 465 3872 per
496 3785 685 3850 sacerdotes
740 3783 786 3848 Et
820 3784 985 3869 apostolus
1023 3807 1089 3851 non
1126 3788 1291 3873 permittii

237 3888 389 3953 mulieres
431 3887 521 3972 loqui
559 3887 594 3950 in
632 3883 795 3950 eeclesia⁶
854 3885 899 3950 Et
943 3888 1138 3953 venerabilis
1179 3890 1291 3954 doctor

238 3988 475 4054 Lineolniensis
512 3988 548 4052 in
579 3987 720 4073 quodam
745 4007 890 4051 sermone
921 3987 1009 4065 dioit,
1049 3991 1137 4075 quod
1174 4012 1291 4078 appro-

272 4398 280 4427 ¹
292 4394 358 4460 tec]
371 4395 427 4455 hoc,
439 4395 496 4447 MS.
823 4397 833 4425 ⁸
848 4393 1002 4464 Tremens]
1025 4399 1082 4449 held
1099 4399 1167 4452 A.D.
1181 4405 1245 4455 1147
1261 4417 1290 4453 or

271 4472 463 4539 ’HildeyoremJ
477 4473 686 4539 Hildegardemir
698 4471 741 4524 the
794 4478 864 4524 1148.

237 4565 384 4604 eommoaer
394 4551 466 4604 sorra.
823 4554 833 4584 ⁴
845 4553 933 4605 Jamea
943 4554 960 4605 i.
972 4559 1013 4607 2⁷.

824 4633 834 4663 ¹
847 4637 859 4681 l
872 4632 930 4685 Cor.
945 4634 997 4685 xiv.
1010 4640 1050 4687 ³4.
