3158 5490
312 720 378 785 loo
717 727 896 781 urrunnu
917 727 963 778 or

143 915 192 965 nis
357 914 435 980 VII.
461 913 609 1000 Septimo
624 913 729 979 instat
756 914 880 980 Ductor
902 912 993 998 quod
1014 912 1168 979 facerem
1186 916 1375 1000 arguments

143 980 253 1032 eventu.
311 1039 370 1105 pro
392 1016 544 1103 opinione
566 1020 637 1080 tem
659 1020 824 1081 extranee
870 1014 1000 1081 Revem
1021 1015 1176 1081 libenter
1197 1016 1283 1092 volo,
1306 1036 1371 1081 cum

311 1113 506 1206 respondero
529 1119 572 1183 ad
594 1139 695 1194 suem,
719 1118 844 1203 etipse
866 1119 1151 1183 consummaverit
1167 1138 1369 1205 oppugmre:

311 1221 368 1285 sed
384 1241 458 1285 oum
479 1220 589 1305 opinio
604 1219 648 1284 sit
670 1225 740 1285 tom
763 1220 908 1306 antique,
930 1218 968 1284 in
991 1217 1173 1305 Scriptura
1194 1242 1289 1287 mere
1307 1226 1369 1287 um

311 1321 500 1387 solemniter
522 1321 728 1408 proclamato,
752 1321 846 1387 oredo
868 1321 957 1406 quod
978 1320 1114 1387 interim
1138 1320 1210 1399 fiet,
1234 1327 1275 1389 ut
1288 1321 1367 1395 olim.

313 1423 500 1489 domestice.
559 1423 699 1508 Oportet
720 1443 798 1509 ergo
819 1444 872 1487 me
894 1422 1020 1487 solvere
1042 1427 1117 1487 tum
1140 1430 1246 1490 acute
1265 1423 1369 1511 joela

313 1530 427 1590 contre
442 1524 653 1611 Scripturem,
678 1545 720 1588 nc
742 1524 822 1589 ordo
845 1523 975 1589 debitus
998 1522 1240 1611 disrumpatur.

145 1642 299 1710 mseighu.
359 1625 460 1691 VIII.
484 1626 612 1692 Octavo
642 1625 762 1710 quaerit
792 1625 916 1691 Ductor
946 1624 987 1689 ds
1016 1646 1116 1691 sensu
1150 1626 1255 1713 hujus
1292 1627 1366 1693 dicti

313 1728 492 1814 evangelici
516 1727 602 1794 Occi
624 1725 759 1796 vident:
782 1733 816 1793 ct
844 1727 928 1791 hene
953 1727 1081 1811 querit,
1110 1749 1191 1795 cum
1217 1730 1265 1795 sit
1290 1728 1366 1795 diffi-

313 1830 472 1894 cillimum
497 1829 596 1894 etia-m
621 1826 848 1915 peritissimis,¹
873 1832 944 1892 tem
969 1827 1092 1914 linguis
1123 1851 1229 1916 quum
1258 1832 1365 1918 logice,

314 1932 392 1996 dure
415 1931 536 2016 glossas
563 1930 764 2017 pertinentes
790 1930 976 2016 Scriptum,
1003 1935 1140 2017 propter
1167 1932 1243 2017 ejus
1267 1933 1364 1999 subti-

313 2031 442 2095 litatem
480 2031 732 2107 multimodum
769 2036 803 2096 et
842 2031 1027 2117 specialiter
1055 2032 1093 2096 in
1124 2033 1243 2121 logica.
1289 2034 1364 2099 Dion

314 2152 390 2216 ergo
406 2133 494 2217 quod
518 2132 581 2196 iste
611 2136 661 2197 est
685 2153 798 2199 sensus
820 2131 977 2197 istorum:
1002 2133 1094 2219 prius
1118 2140 1273 2221 tempore
1295 2136 1364 2202 (mei

314 2232 431 2297 vident
461 2238 632 2318 postremo,
664 2233 790 2299 visione
819 2234 969 2320 opposite
996 2235 1099 2321 priori
1124 2237 1280 2305 coeoiteti.
1324 2236 1363 2303 Et

313 2339 423 2419 potest
438 2336 500 2400 iste
516 2356 628 2400 seruus
642 2356 684 2400 ex
710 2334 832 2424 triplici
847 2336 1015 2404 evidentia
1029 2336 1103 2404 clici
1126 2358 1172 2405 ex
1186 2337 1362 2427 Scriptum,

314 2441 354 2500 ut
378 2458 475 2501 narro
499 2436 565 2501 elio
589 2437 666 2502 loco.

146 2552 289 2604 Hisninth.
360 2537 419 2603 IX.
443 2538 577 2605 Nouum
601 2539 755 2605 immittit
776 2539 899 2605 Ductor
917 2540 1066 2626 jaculum
1089 2542 1127 2607 in
1152 2542 1361 2631 Scriptum,

314 2642 402 2726 quod
432 2662 491 2725 ego
520 2662 587 2704 non
625 2661 751 2725 possem
789 2640 932 2717 sufferre,
970 2642 1036 2707 nisi
1074 2642 1250 2731 Scriptura
1286 2651 1364 2713 esset

313 2742 414 2808 turris
429 2741 545 2806 sortior
559 2742 649 2806 omni
664 2747 831 2807 armatura
851 2743 987 2808 fortium
1009 2750 1160 2830 protecte
1175 2747 1212 2811 in
1235 2755 1363 2814 tuntum

314 2844 402 2925 quod
424 2843 625 2907 confidenter
650 2844 744 2908 credo
771 2865 823 2908 me
850 2844 930 2910 ecire
957 2847 1045 2931 quod
1069 2868 1130 2911 nee
1161 2850 1302 2935 angelus
1326 2851 1363 2915 de

314 2943 403 3018 coelo,
420 2965 480 3008 nec
506 2950 653 3009 ereetum
676 2945 786 3030 ulique
800 2952 908 3031 posset
929 2947 970 3011 de
990 2947 1026 3012 vi
1052 2951 1215 3016 sermonis
1241 2952 1363 3039 impug-

314 3044 410 3109 nere⁹
437 3046 605 3110 minimam
636 3046 705 3131 ejus
735 3053 884 3132 pertem;
920 3049 999 3113 nee⁸
1036 3050 1064 3113 si
1094 3071 1210 3117 omnes
1246 3053 1365 3139 linguae

314 3147 482 3211 rhetorum
512 3149 614 3233 polite
651 3149 862 3234 loquentium,
902 3155 937 3215 et
974 3172 1085 3216 omnes
1122 3152 1222 3239 logici
1259 3160 1364 3221 essent

314 3249 510 3334 congregati,
528 3247 641 3335 [non]⁴
661 3251 871 3316 emendarent
895 3272 999 3316 unum
1022 3253 1161 3320 verbum
1187 3255 1363 3345 Scriptum

314 3349 349 3412 in
376 3350 563 3434 eloquentie
587 3351 640 3415 vel
667 3350 791 3437 logice⁶
815 3353 855 3418 de
877 3353 913 3417 vi
933 3355 1031 3419 vocis

358 3452 482 3538 Arguit
506 3452 628 3518 Doctor
657 3453 711 3519 sic.
757 3453 826 3520 Iste
850 3477 952 3521 cecus
981 3478 1071 3523 nunc
1099 3458 1204 3536 videt,
1236 3466 1271 3527 et
1299 3483 1362 3526 non

315 3553 574 3639 multiplicatum
614 3576 690 3640 ergo
721 3555 783 3620 iste
813 3578 916 3623 caecurs
946 3558 1044 3623 modo
1073 3581 1141 3625 non
1172 3570 1224 3627 cst
1253 3582 1362 3641 eoeous,

313 3660 347 3719 et
371 3655 468 3719 modo
495 3660 566 3734 est;
598 3677 675 3741 ergo
705 3658 802 3722 modo
832 3664 882 3724 est
911 3681 977 3724 non
1007 3660 1131 3741 oae'cus3
1154 3684 1233 3749 ergo
1263 3686 1361 3729 cuecus

314 3760 348 3821 et
386 3777 453 3820 non
492 3778 602 3821 eaeeus.
664 3756 781 3822 Poene⁶
821 3766 856 3824 et
893 3761 1061 3827 subtiliter
1106 3762 1240 3830 invenit
1277 3765 1361 3851 quod

313 3856 482 3942 Scriptum
506 3862 556 3921 est
580 3858 814 3940 emendabilis3
837 3861 894 3926 sed
919 3862 1016 3947 longe
1040 3864 1158 3930 melius
1184 3872 1237 3932 est
1259 3868 1360 3954 ipsum

313 3963 399 4022 sture
423 3958 469 4022 eie
491 3978 603 4022 verum
625 3960 665 4023 de
690 3960 725 4024 vi
749 3963 913 4027 sermonis.
960 3962 1110 4030 Concedo
1134 3966 1241 4053 igitur
1264 3969 1304 4033 de
1328 3969 1359 4033 vi

312 4058 467 4123 sermonis
497 4060 585 4144 quod
615 4059 677 4126 iste
707 4082 809 4127 crocus
839 4085 926 4131 nunc
955 4064 1069 4146 videt;
1107 4068 1166 4135 sed
1202 4090 1271 4135 non
1308 4090 1361 4135 ex·

345 4385 352 4415 ¹
360 4386 529 4452 peritissimis]
544 4387 714 4452 peritissimos,
727 4390 783 4442 MS.
891 4396 901 4425 ⁸
912 4393 1002 4461 logica]
1022 4395 1107 4447 There
1118 4396 1140 4449 is
1151 4413 1167 4449 ι
1177 4399 1227 4451 full
1238 4408 1294 4465 ttop
1305 4402 1362 4453 here

343 4465 354 4493 ²
365 4464 518 4530 impugnare]
531 4465 689 4531 impugnare,
702 4469 758 4520 MS.
858 4471 885 4520 in
896 4471 952 4522 MS.
964 4472 1062 4524 instead
1072 4474 1103 4523 os
1109 4475 1177 4526 aster
1188 4479 1263 4529 vocis.

344 4543 420 4607 ’21ch
435 4542 456 4591 si
467 4557 522 4603 nec,
535 4543 590 4595 MS.
603 4546 695 4611 (thus).
891 4549 1003 4616 Ῥω]
1023 4551 1100 4610 Penc,
1114 4552 1172 4603 MS.

345 4634 353 4661 ⁴
366 4634 426 4699 non]
442 4633 531 4684 should
543 4636 574 4686 be
586 4637 696 4687 omitted.
