3158 5490
626 692 805 743 rascrouur
828 691 1053 742 z1zsruonun
1322 676 1366 749 77

312 878 491 945 necessario
524 876 615 943 Deus
651 877 808 964 intelligit
846 898 941 942 omne
975 873 1044 942 esse
1081 876 1216 943 actuale.
1261 877 1307 942 Et
1336 878 1365 943 si

314 982 404 1046 Deus
433 979 590 1066 intelligit
616 979 750 1065 aliquod
776 999 844 1044 esse
869 978 1005 1059 actuale,
1030 978 1114 1044 illud
1140 1000 1209 1044 esse
1238 979 1365 1044 actuale

308 1087 384 1159 ,θεῖς
423 1103 500 1167 ergo
529 1080 678 1146 absolute
714 1080 929 1146 necessarium
966 1085 1017 1145 est
1054 1081 1142 1166 quod
1172 1100 1266 1146 omne
1296 1102 1365 1146 esse

312 1183 440 1249 actuale
471 1187 528 1261 est,
553 1181 655 1247 immo
685 1182 853 1268 quodlibet
884 1203 952 1247 csse
980 1182 1108 1247 actuale
1137 1188 1187 1247 est
1217 1182 1365 1247 absolute

313 1284 527 1349 necessarium
553 1305 629 1349 esse.
675 1283 741 1348 Sed
764 1282 956 1369 simpliciter
976 1283 1064 1348 idem
1086 1288 1137 1348 est
1156 1305 1225 1348 esee
1239 1283 1366 1349 actuale

313 1408 388 1464 esse,
417 1392 451 1451 et
481 1407 548 1450 esse
578 1385 713 1463 actuale,
737 1407 813 1471 ergo
844 1406 939 1449 omne
969 1405 1037 1450 esse
1065 1385 1192 1450 actuale
1218 1385 1366 1451 absolute

313 1487 489 1553 necessario
504 1492 563 1566 est,
579 1491 613 1552 et
634 1487 683 1551 ita
705 1487 853 1571 sequitur
875 1486 963 1571 quod
978 1486 1083 1552 omnis
1097 1493 1245 1552 creatura
1258 1509 1365 1552 neces-

313 1589 397 1653 sario
419 1595 478 1668 est,
493 1610 560 1652 non
580 1588 685 1653 solum
706 1589 885 1653 secundum
908 1609 976 1652 esse
997 1587 1203 1674 intelligibile
1225 1589 1261 1652 in
1283 1587 1365 1667 DeO,

311 1691 370 1756 sed
398 1690 499 1756 etiam
529 1690 707 1754 secundum
737 1710 805 1754 esse
834 1689 995 1780 possibile,
1026 1695 1060 1755 et
1090 1690 1267 1754 secundum
1297 1710 1365 1754 esse

313 1791 452 1857 existere
478 1792 513 1855 in
539 1812 655 1877 genere
678 1791 814 1877 proprio.
860 1790 906 1854 Et
929 1789 974 1855 sic
996 1794 1088 1876 patet
1110 1791 1263 1855 reductio.
1309 1790 1365 1856 Ad

312 1894 590 1959 confirmationem
620 1891 749 1979 patebit
781 1891 867 1956 infra
898 1892 1029 1976 quando
1051 1892 1300 1978 respondebitur
1321 1893 1364 1957 ad

312 1995 531 2062 auctoritates.

357 2096 404 2160 II.
428 2095 577 2162 Secundo
597 2095 818 2211 principaliter
841 2094 951 2181 arguit
977 2094 1181 2182 Magister
1156 2117 1209 2161 src
1256 2094 1362 2162 Omne
1373 2100 1479 2166 wyehl'
1478 2116 1490 2152 Ι

311 2198 479 2263 infinitum
499 2197 615 2263 melius
639 2202 673 2262 et
697 2197 787 2283 prius
809 2202 929 2261 natura
955 2218 1054 2282 quam
1077 2197 1189 2283 aliqua
1214 2203 1362 2263 creatura
1372 2170 1509 2301 ἕξω

312 2301 348 2365 in
373 2300 503 2386 proprio
523 2321 647 2386 genere,
664 2304 714 2363 est
736 2299 808 2363 vita
831 2304 972 2375 aeterna3
996 2299 1054 2364 sed
1079 2299 1254 2384 cujuslibet
1273 2321 1362 2364 nea·

312 2407 396 2468 turae
423 2422 490 2466 esse
516 2400 721 2486 intelligibile
746 2399 829 2464 est
820 2422 855 2463 m
879 2399 1048 2465 infinitum
1071 2401 1196 2480 melius,
1213 2406 1247 2465 et
1270 2401 1362 2487 prius

312 2508 439 2583 natura,
467 2525 580 2588 quam·
595 2502 706 2587 aliqua
734 2501 799 2566 alia
828 2507 975 2566 creatura
1003 2500 1040 2564 in
1069 2501 1198 2587 proprio
1222 2523 1363 2587 generc3

313 2626 388 2691 ergo
418 2610 468 2669 est
496 2604 569 2669 vita
598 2607 728 2669 aeterna
775 2602 885 2666 Minor
921 2600 1079 2688 probatur
1107 2623 1150 2666 ex
1184 2602 1245 2667 hoc
1275 2604 1364 2688 quod

312 2705 489 2824 cujuslibet
518 2711 645 2770 naturae
676 2725 743 2770 esse
773 2703 978 2788 intelligibile
1008 2707 1058 2767 est
1087 2702 1234 2768 absolute
1256 2724 1364 2768 neces·

312 2810 443 2889 sarium,
469 2816 503 2874 et
534 2808 699 2894 exemplar
723 2807 825 2893 juxta
848 2807 936 2892 quod
962 2807 1053 2872 Deus
1077 2811 1127 2871 est
1152 2806 1363 2892 productivus

313 2915 477 2990 creaturae,
494 2910 586 2995 cujus
608 2909 751 2996 privatio
773 2909 857 2974 foret
883 2929 1047 2973 summum
1072 2908 1215 2972 malum.
1240 2929 1283 2972 ex
1297 2929 1363 2992 quo

313 3013 460 3098 sequitur
485 3011 694 3128 propositum.

358 3114 424 3180 Sed
450 3115 528 3200 quia
552 3114 660 3179 minor
681 3112 777 3178 istius
796 3118 968 3199 argument
997 3133 1097 3198 quam
1118 3111 1223 3178 habeo
1245 3133 1363 3198 negare
1374 3122 1463 3190 Rsply.
1529 3179 1533 3187 ⁸

314 3216 501 3282 fundatur'
493 3238 528 3279 rn
549 3215 656 3302 prima
685 3214 896 3294 conclusione,
925 3221 960 3280 et
989 3214 1179 3300 probatione
1209 3215 1364 3300 ejusdem,

313 3322 404 3404 putet
427 3318 514 3404 quod
533 3317 619 3384 ratio
640 3338 708 3382 non
729 3317 874 3402 procedit
897 3320 1011 3381 contra
1024 3337 1084 3382 me
1131 3315 1237 3382 Probo
1252 3322 1365 3381 tamen

314 3420 401 3505 quod
423 3424 627 3504 assumptum
649 3418 745 3483 istius
767 3419 952 3504 argumenti
966 3416 1071 3504 paene¹
1088 3419 1251 3484 concludit
1266 3440 1365 3505 oppo-

314 3522 415 3586 situm
440 3521 574 3585 alterius
606 3519 768 3605 opinionis
802 3519 954 3605 Magistri
982 3519 1054 3585 mei
1111 3519 1157 3585 Et
1180 3542 1281 3606 arguo
1310 3522 1363 3585 sic

314 3623 394 3687 Esse
425 3622 461 3686 in
483 3621 651 3686 infinitum
673 3620 797 3699 melina,
820 3625 854 3685 et
877 3621 967 3706 prius
990 3626 1109 3686 natura
1131 3643 1231 3706 quarn
1254 3621 1364 3706 aliqua

312 3728 461 3790 creatura
476 3724 511 3786 in
531 3722 660 3809 proprio
681 3743 797 3808 genere
820 3727 869 3787 est
883 3723 955 3786 vita
976 3728 1119 3803 eetema3
1142 3744 1217 3809 ergo
1239 3723 1365 3808 aliquid

314 3831 364 3890 est
398 3826 435 3889 in
472 3825 640 3888 infinitum
675 3823 792 3889 melius
823 3829 857 3888 et
895 3823 986 3910 prius
1020 3830 1139 3891 natura
1171 3847 1270 3911 quam
1300 3825 1365 3890 alia

312 3932 461 3992 satura
486 3927 522 3989 in
545 3925 674 4012 proprio
696 3947 820 4011 genere.
866 3925 932 3990 Sed
954 3926 1037 3990 nihil
1063 3933 1113 3993 est
1138 3927 1174 3992 in
1196 3927 1381 4006 infinitum,

312 4027 428 4092 melius
443 4033 477 4092 et
492 4027 582 4112 prius
604 4033 722 4092 natura
736 4048 836 4113 quem
860 4026 1009 4092 Christus
1024 4029 1061 4092 in
1074 4030 1203 4115 proprio
1225 4050 1362 4115 genere3

313 4151 390 4216 ergo
406 4128 556 4194 Christus
575 4150 642 4193 non
665 4134 714 4193 est
735 4134 890 4193 creatura.
938 4129 1177 4215 Consequentia
1192 4137 1241 4196 est
1255 4118 1366 4210 bonu}

313 4236 348 4296 et
373 4231 480 4294 minor
503 4234 596 4314 patet
619 4252 661 4294 ex
684 4229 745 4296 hoc
771 4232 859 4316 quod
884 4231 1033 4297 Christus
1047 4233 1084 4296 in
1098 4235 1226 4319 proprio
1247 4253 1364 4320 genere

413 4593 421 4625 ¹
430 4593 513 4659 poeue]
532 4594 589 4646 MS.
601 4594 646 4644 has
657 4610 709 4644 cum
720 4593 805 4645 before
812 4610 891 4660 poene,
902 4597 946 4647 but
958 4594 1009 4647 itis
1020 4597 1125 4648 marked
1136 4612 1163 4648 cs
1174 4612 1269 4663 wrong.
