3008 5490
525 765 649 818 ruscis
671 763 745 818 mn
768 765 982 818 mcuusrrs.
1206 743 1272 818 497

688 953 815 1020 XXIV.

271 1099 358 1168 Item
396 1102 485 1188 quod
530 1100 696 1167 conferens
742 1101 979 1186 eleemosynam
1018 1097 1183 1177 fratribus,
1221 1098 1275 1164 vel

223 1203 321 1274 fratri
347 1204 549 1292 praedicanti,
574 1209 625 1270 est
647 1202 953 1283 excommunicatus,
980 1207 1014 1268 et
1041 1202 1204 1289 recipiens

272 1652 326 1720 Ne
363 1675 440 1742 orgo
477 1654 604 1721 zizania
637 1655 678 1721 de
709 1677 788 1743 agro
825 1653 987 1721 dominico
1024 1653 1122 1720 falce¹
1155 1660 1275 1721 nostrae

225 1757 514 1833 condemnationis
549 1761 589 1824 ut
619 1757 822 1836 credidimus,
855 1762 1034 1844 amputata,
1072 1777 1131 1843 per
1167 1756 1275 1821 inimi-

224 1863 320 1943 cum⁹
349 1862 518 1929 hominem
540 1863 667 1951 atejus
689 1863 832 1930 fautores
865 1861 1043 1929 seminata³
1065 1862 1275 1942 reviviscant,

162 1965 170 1983 '
226 1987 341 2033 omnes
377 1972 414 2032 et
450 1966 596 2053 singulos
633 1972 755 2033 nostrae
802 1965 1049 2032 cantuariensis
1095 1965 1274 2053 provinciae

226 2067 379 2135 subditos
402 2088 571 2135 monemus
596 2075 632 2136 et
657 2069 827 2135 hortamm·
850 2068 887 2134 in
911 2068 1071 2136 Domino⁴
1097 2074 1132 2135 et
1154 2069 1276 2136 eisdem

227 2171 264 2238 in
290 2171 418 2238 virtute
449 2193 550 2238 sacrae
580 2171 778 2238 obedientiae
804 2170 997 2248 inhibemus,
1022 2178 1057 2237 et
1086 2171 1148 2237 sub
1177 2192 1276 2258 poena

227 2274 574 2341 excommunicationis
595 2295 694 2359 quam
716 2273 753 2339 in
767 2272 1051 2339 contravenientes
1071 2273 1185 2339 statim
1203 2278 1278 2360 post

227 2374 356 2462 lapsum
391 2397 450 2440 sex
480 2376 608 2442 dierum
649 2398 671 2441 a
710 2381 856 2463 tempora
892 2375 1123 2462 publicationis
1153 2381 1187 2441 et
1220 2397 1278 2442 no-

228 2476 316 2543 titias
336 2477 557 2565 praesentium,
582 2499 721 2564 quorum
744 2499 803 2543 sex
826 2476 954 2543 dierum
977 2477 1058 2542 duos
1080 2499 1139 2564 pro
1161 2479 1276 2564 primo,

228 2578 312 2644 duos
343 2601 403 2666 pro
439 2580 589 2660 secundo,
625 2584 660 2646 et
696 2579 837 2666 reliquos
878 2580 958 2644 duos
1003 2600 1062 2666 pro
1104 2581 1202 2646 tertio
1245 2586 1279 2646 et

228 2681 447 2769 peremptorio
491 2683 640 2764 termino,
686 2703 724 2747 ao
768 2681 948 2747 monitione
992 2681 1154 2762 canonica,
1200 2681 1278 2768 ipsis

229 2788 265 2849 et
296 2804 409 2848 eorum
443 2782 582 2870 singulis
614 2783 825 2870 assignamus,
849 2781 983 2850 ferimus
1005 2783 1040 2847 in
1061 2783 1114 2850 his
1140 2784 1277 2870 scriptis,

229 2885 370 2951 firmiter
403 2883 589 2951 inhibemus
611 2885 750 2970 nequis
776 2907 888 2951 eorum
919 2885 1092 2972 praedictos
1125 2886 1279 2952 articulos

229 2986 285 3052 vel
321 2987 464 3073 aliquem
500 2987 675 3053 eorumdem
708 2987 836 3073 publice
870 2986 1027 3073 praedicet
1059 3009 1116 3053 seu
1154 2987 1276 3064 doceat,

230 3088 284 3154 vel
324 3088 368 3154 ad
413 3095 549 3175 partem,
589 3111 647 3154 nec
680 3089 859 3167 consilium,
898 3089 1059 3155 auxilium
1096 3090 1149 3156 vel
1189 3090 1279 3157 favo

229 3213 301 3257 rem
351 3191 497 3278 praebeat
540 3191 792 3277 praedicantibus
825 3213 883 3257 seu
925 3192 1115 3260 docentibus
1155 3192 1280 3282 aliquid

228 3294 479 3383 praemissorum

277 3395 320 3460 In
353 3416 492 3482 quorum
524 3394 749 3461 testimonium
783 3393 926 3481 sigillum
963 3400 1112 3462 nostrum
1143 3418 1281 3484 praesen-

230 3499 324 3566 tibus
346 3504 398 3565 est
420 3520 609 3586 appensum.
1180 3583 1184 3589 ·

277 3601 405 3667 Datum
446 3600 535 3687 apud
580 3599 761 3664 manerium
807 3604 955 3663 nostrum
992 3598 1032 3664 de
1070 3598 1281 3681 Lambcheth,

229 3702 458 3768 tertiodecimo
504 3701 556 3766 die
601 3700 721 3766 mensis
766 3699 963 3777 Decembris,
1004 3722 1090 3767 anno
1147 3701 1282 3768 Domini

228 3804 405 3869 millesimo
442 3802 669 3868 trecentesimo
712 3802 905 3891 octogesimo
937 3807 1063 3891 quarto,
1096 3808 1131 3872 et
1161 3810 1281 3875 nostrae

230 3894 458 3972 translationis
480 3925 567 3970 anno
589 3908 714 3989 quarto.

266 4243 273 4273 ¹
278 4240 365 4307 falce]
384 4241 453 4300 salse.
464 4241 521 4295 MS.
818 4243 968 4311 Μικίψα]
986 4245 1114 4304 seminare.
1126 4248 1182 4299 MS.

266 4321 422 4388 ἥψω]
441 4319 653 4381 omniomnis.
819 4320 960 4389 ‘DominoJ
979 4323 1182 4387 dominicalis.
