3008 5490
520 124 698 175 rascrcom
728 124 952 175 ammonas.
1210 112 1275 179 217

224 308 540 376 transubstantiatio
571 310 613 374 fit
640 308 861 399 principaliter
890 318 925 376 ot
950 309 1130 375 formaliter
1151 308 1276 373 virtute

226 409 354 476 divinae
379 411 622 477 benedictionis
669 412 768 477 Unde
790 430 865 477 cum
887 413 1071 478 benedictio
1092 416 1172 477 tunc
1194 433 1277 497 prze—

224 511 326 579 assit
368 512 585 599 prolationem
622 514 798 580 verborum
843 514 982 590 illorum,
1030 513 1163 579 videtur
1209 530 1276 576 non

225 612 408 702 incongrue
445 616 753 681 transubstantiatio
798 615 856 680 illa
899 615 1114 703 praecessisse¹
1159 614 1277 680 etiam²

224 714 318 781 illam
341 716 565 803 prolationem.
612 718 677 783 Sed
702 717 799 782 modo
824 718 860 781 in
886 718 1043 804 mysterio
1065 718 1276 792 sacerdotum,

223 816 357 883 virtute
380 818 554 883 verborum
575 817 708 895 Christi,
739 820 936 904 inquorum
965 820 1148 907 prolatione
1179 819 1279 885 oredi-

224 923 284 985 tur
306 918 447 984 conferri
470 921 584 984 divina
603 920 794 1001 benedictio,
809 922 849 985 fit
871 920 942 1007 ipsa
962 921 1277 994 transubstantiatio,

224 1026 274 1087 et-
294 1042 364 1086 non
393 1021 519 1086 virtute
542 1022 679 1107 alicujus
709 1023 944 1088 benedictionis
974 1024 1075 1087 creati
1105 1022 1279 1087 sacerdotis

225 1121 386 1188 dicendo³
415 1124 495 1187 talia
530 1124 640 1204 verba,
668 1124 851 1189 Bcaerliait
863 1125 894 1202 ,·⁴
926 1126 980 1189 vel
1010 1125 1140 1210 signum
1178 1123 1280 1188 crucis

224 1224 401 1303 faucnd03
423 1225 480 1290 sed
504 1225 629 1290 virtute
644 1225 878 1290 benedictionis
898 1226 1021 1291 Christi
1043 1227 1078 1289 in
1100 1224 1280 1312 prolatione

224 1326 363 1391 illorum
387 1326 570 1407 verborum,
593 1350 666 1392 cum
690 1327 871 1392 intentione
887 1327 1008 1405 debita,
1032 1349 1129 1414 super
1144 1327 1281 1391 materia

223 1433 445 1514 competente
492 1430 537 1493 Et
566 1429 613 1493 sic
646 1429 712 1494 ista
748 1429 922 1515 responsio,
958 1430 1028 1493 sine
1059 1429 1172 1515 glossis
1206 1450 1280 1514 quae

228 1531 425 1597 viderentur
469 1536 608 1596 extortae
655 1531 743 1616 parti
780 1531 934 1607 adversae,
973 1536 1080 1617 potest
1124 1553 1280 1596 evacuare

227 1653 346 1698 omnes
399 1630 496 1696 illas⁶
541 1632 771 1708 intricationes,
819 1633 926 1717 quoad
971 1633 1280 1698 demonstrationem

227 1734 321 1799 illius
351 1733 552 1820 pronominis
575 1734 645 1813 hoc,
668 1756 728 1820 pro
758 1739 904 1820 tempore
934 1757 998 1819 quo
1022 1735 1171 1800 Christus
1195 1735 1281 1799 dixit

227 1835 289 1900 illa
311 1836 420 1900 verba
468 1836 513 1900 Et
539 1836 647 1920 quoad
669 1835 886 1920 prolationem
904 1836 1043 1902 aliorum
1068 1838 1279 1911 sacerdotum,

229 1937 314 2003 dicit
359 1935 444 2003 ista⁰
480 1938 646 2022 responsio
684 1938 772 2021 quod
813 1937 896 2001 nihil
933 1939 1181 2013 demonstratur,
1228 1938 1281 2000 rel

230 2039 333 2104 debet
365 2036 603 2115 demonstrari,⁷
633 2037 725 2103 cum⁸
757 2038 862 2104 solum
892 2040 1062 2104 recitative
1087 2039 1121 2102 in
1151 2038 1282 2102 nomine

231 2139 359 2207 Christi
395 2140 609 2226 proferantru.
656 2140 720 2204 Cui
757 2146 867 2206 autem
898 2141 989 2206 istud
1022 2163 1088 2206 non
1107 2139 1283 2226 ‚placuerit

231 2248 343 2329 potest
364 2241 494 2307 tenere⁹
516 2242 552 2305 in
573 2243 634 2306 hoc
655 2241 744 2305 viam
766 2242 880 2328 primae
904 2242 1126 2328 responsionis.

231 2408 237 2415 ,
279 2344 326 2408 Et
355 2343 401 2408 sic
423 2365 465 2408 ex
487 2343 560 2408 istis
583 2348 691 2429 potest
717 2349 828 2430 patere
853 2344 941 2430 quod
963 2366 1006 2409 ex
1027 2343 1136 2408 verbis
1160 2341 1283 2408 Christi
1307 2426 1313 2436 ι

231 2467 315 2512 non.
332 2450 442 2532 potest
471 2446 593 2522 haberi,
627 2446 715 2531 quod
748 2447 842 2532 panis
873 2446 1058 2521 materialis,
1098 2446 1151 2510 vel
1184 2446 1283 2509 sensi·

233 2548 318 2631 bilis,
335 2547 393 2633 qui
409 2548 550 2612 sentitur
572 2548 607 2610 in
630 2569 730 2611 manu
748 2548 932 2626 sacerdotis,
954 2549 998 2613 sit
1020 2570 1135 2634 corpus
1159 2547 1283 2613 Christi

232 2649 324 2736 quod
353 2649 418 2714 fuit
448 2656 652 2735 assumptum
683 2650 723 2713 de
754 2649 898 2735 Virginc.
964 2650 1064 2715 Unde
1093 2656 1186 2736 patet
1209 2671 1284 2714 con-

233 2751 402 2817 ditionalis
423 2751 566 2815 multum
589 2751 719 2814 infirma
742 2772 840 2835 quam
863 2752 957 2838 ponit
979 2753 1123 2838 opinans,
1147 2752 1283 2817 dioendo

233 2853 263 2918 si
287 2873 353 2918 non
378 2853 533 2918 debemus
555 2853 683 2916 credere
706 2854 805 2916 istum
829 2875 968 2933 sensum,
991 2855 1114 2919 seilicet
1136 2855 1176 2918 de
1199 2877 1282 2938 pane

233 2954 406 3030 materiali,
432 2977 498 3020 non
520 2955 674 3019 dehemus
698 2955 825 3019 eredere
856 2954 1030 3040 aliquem¹⁰
1052 2978 1119 3022 esse
1152 2978 1282 3020 sensum

233 3056 405 3142 evangelii.

237 3340 1210 3353 Qu-QQ-
1216 3345 1269 3353 ——a
1273 3345 1284 3352 ι

269 3549 277 3582 ¹
286 3548 451 3615 preessae]
466 3548 602 3611 recessisse,
615 3548 648 3599 D.
817 3550 827 3580 ⁸
847 3550 907 3618 blo]
929 3549 1040 3615 istarum,
1057 3551 1088 3616 E,
1109 3554 1158 3604 and
1180 3561 1228 3604 om.
1246 3570 1284 3604 re·

269 3629 374 3694 ἀίω]
389 3644 437 3678 our.
450 3629 483 3689 D,
497 3630 526 3678 ll.
784 3632 886 3696 sponsio.

270 3707 401 3772 ’dr'ceado]
416 3707 528 3764 dicentis,
541 3706 574 3756 A.
819 3709 827 3736 '
838 3708 1007 3777 demonstran]
1021 3711 1147 3778 denegari,
1159 3711 1189 3761 F..

270 3784 432 3849 ‘Benedicta
440 3785 741 3837 Benedixitslandsasthe
819 3788 905 3853 'caa]
918 3790 976 3851 nisi,
988 3791 1023 3839 A.

237 3864 321 3914 initial
332 3865 403 3914 word
420 3865 460 3913 sor
470 3865 513 3914 the
525 3865 607 3915 whole
619 3875 741 3927 sentence,
819 3868 829 3896 '
841 3868 930 3933 lesere]
943 3869 1031 3929 anari,
1044 3868 1077 3927 D,
1090 3869 1119 3918 R

238 3943 289 3992 and
300 3957 328 3992 so
338 3942 380 3991 the
392 3943 473 4006 plural
485 3942 557 3992 certa
568 3943 591 3992 is
600 3943 718 4006 justified.
822 3947 839 3976 ¹⁸
850 3945 964 4011 aliquem]
978 3947 1074 4006 amodo,
1087 3947 1116 3994 E:

272 4019 361 4085 ⁸illus]
376 4020 446 4082 alias,
461 4021 494 4071 A.
