3008 5490
532 731 957 784 assummzrzauronuu
1205 717 1271 789 447

224 922 304 988 tatis
334 927 369 986 et
398 920 608 986 tenebrarum
644 922 739 999 filius,
771 922 807 985 in
842 926 974 986 tantum
1012 919 1189 986 obduravit
1218 941 1272 984 cor

225 1042 330 1101 suum,
357 1029 397 1088 ut
425 1045 493 1088 non
518 1023 682 1110 intelligat
706 1045 818 1089 vocem
849 1024 899 1088 sui
930 1023 1076 1108 pastoris,
1107 1043 1166 1087 nec
1189 1021 1273 1087 velit

227 1125 463 1191 monitionibus
486 1125 582 1202 allici,
605 1116 666 1190 nec
688 1126 798 1190 reduci
822 1124 1010 1189 blanditiis:
1064 1175 1067 1179 .

270 1226 484 1313 Investigatis
510 1226 670 1313 primitus,
698 1227 833 1305 rimatis,
861 1231 896 1291 et
926 1225 1100 1311 diligenter
1129 1225 1273 1311 pensatis

224 1330 350 1395 meritis
386 1350 492 1395 causae
529 1329 713 1406 antedictas,
752 1328 918 1414 ipsiusque
956 1327 1080 1392 domini
1110 1327 1273 1392 Jobannis

223 1430 390 1497 demeritis
420 1436 519 1515 atque
557 1431 669 1516 culpis,
695 1452 754 1516 per
784 1430 885 1516 ipsius
916 1430 1135 1494 damnabilem
1173 1430 1273 1516 perti·

224 1535 351 1599 naciam
376 1532 585 1619 aggravatis;
611 1533 760 1598 nolentes
789 1533 876 1617 quod
906 1528 949 1596 is'
977 1532 1034 1616 qui
1058 1546 1198 1617 nequam
1222 1536 1273 1595 est

225 1635 285 1700 fiat
310 1635 454 1721 nequior,
480 1640 515 1700 et
540 1635 621 1700 alios
650 1634 778 1700 inficiat
802 1656 863 1698 sua
888 1631 981 1698 labe:
1008 1633 1048 1697 de
1078 1633 1212 1698 consilio
1238 1638 1273 1697 et

224 1758 358 1802 assensu
380 1758 509 1823 magnae
524 1731 725 1802 dumetionis
749 1742 784 1801 et
807 1736 976 1821 sapientire
998 1736 1152 1813 virorum,
1176 1756 1273 1799 vene-

223 1839 377 1905 rabilium
403 1839 544 1903 fratrum
570 1843 755 1904 nostromm
785 1838 992 1903 dominorum
1023 1837 1155 1902 Ricardi
1187 1837 1273 1902 Lon·

225 1940 396 2017 doriensis,
424 1940 561 2005 Henrici
588 1940 845 2026 Wyntoniensis,
878 1945 912 2004 et
942 1939 1112 2005 Benedicti
1143 1938 1272 2026 Bango-

225 2045 327 2109 rensis
357 2042 589 2130 episcoporum,
621 2065 659 2108 ac
689 2043 827 2108 aliorum
857 2042 1088 2108 nonnullorum
1102 2037 1104 2041 ’
1117 2041 1153 2107 in
1182 2063 1273 2107 sacra

224 2144 396 2231 theologia,
422 2144 568 2221 decretis,
594 2149 628 2209 et
646 2144 723 2229 jure
747 2144 837 2208 civili
861 2144 1038 2221 doctomm,
1068 2144 1272 2229 aliarumque

223 2246 448 2333 religiosarum
478 2252 513 2312 et
542 2247 721 2332 peritarum
751 2268 961 2333 personarum
989 2246 1084 2312 nobis
1123 2248 1274 2311 assistam

225 2350 320 2424 tium,
336 2349 510 2434 praefatum
533 2348 704 2413 dominum
723 2348 910 2414 „iohannem
926 2348 1102 2414 Oldcastell
1124 2350 1271 2426 militem,

225 2451 394 2516 dominum
409 2451 450 2516 de
467 2451 622 2528 Cobham,
640 2452 680 2539 de
704 2457 739 2517 et
759 2473 857 2537 super
880 2451 1067 2537 hujusmodi
1088 2451 1273 2516 detestabili

225 2559 320 2619 reatu
335 2554 528 2630 convictum,
545 2554 637 2619 etad
663 2554 803 2620 ecclesias
818 2554 980 2619 unitatem
1004 2554 1275 2640 poenitentialiter

224 2657 329 2722 redire
352 2655 524 2732 nolentem,
546 2655 745 2737 haereticum,
769 2678 807 2722 ac
830 2656 865 2720 in
885 2656 1030 2741 hisquae
1052 2661 1152 2732 tenet,
1171 2655 1264 2720 docet

225 2758 457 2823 determinavit
488 2764 523 2823 et
548 2758 706 2844 praedicat
735 2763 938 2824 sacrosancta
969 2757 1118 2822 Romana
1141 2761 1176 2823 et
1200 2758 1273 2822 uni·

224 2861 357 2925 versalia
383 2860 523 2934 ecclesia,
549 2865 584 2925 et
609 2861 791 2946 praesertim
818 2860 853 2924 in
878 2860 1024 2925 articulis
1048 2861 1273 2946 suprascriptis

224 2967 389 3027 errantem
410 2961 605 3046 judicamus,
625 2960 826 3026 declaramus
850 2967 884 3027 et
910 2962 1181 3026 condemnamus⁹
1203 2983 1274 3027 sen-

225 3064 407 3129 tentialiter
445 3070 479 3129 et
509 3062 682 3128 diffinitive
719 3065 755 3129 in
792 3064 843 3128 his
879 3065 1016 3150 scriptis,
1054 3064 1273 3150 relinquentes

226 3166 366 3231 eundem
391 3187 432 3231 ex
455 3186 549 3242 nunc,
574 3170 733 3251 tanquam
759 3166 958 3242 haereticum,
980 3166 1106 3253 judicio
1130 3167 1273 3232 seculari.

227 3268 405 3354 Ipsumque
431 3267 643 3333 nihilominus
680 3269 877 3346 haereticum,
910 3290 1084 3354 omnesque
1121 3270 1203 3334 alios
1240 3275 1274 3335 et

224 3371 377 3457 singulos,
395 3371 452 3455 qui
477 3370 616 3434 eundem
640 3370 680 3435 de
707 3376 823 3448 cetera,
843 3371 878 3434 in
901 3372 952 3435 sui
976 3371 1123 3436 favorem
1147 3373 1272 3449 erroris,

224 3473 440 3559 receptaverit
466 3477 526 3535 aut
552 3472 800 3557 receptaverint,
829 3472 1049 3537 defensaverit
1080 3495 1138 3537 seu
1165 3472 1273 3538 defen·

225 3575 379 3651 severint,
407 3573 470 3637 sibi
494 3573 672 3649 consilium,
705 3573 865 3638 auxilium
892 3575 945 3639 vel
971 3574 1116 3639 favorem
1148 3575 1183 3639 in
1212 3574 1273 3642 bac

225 3681 319 3763 parte
349 3675 534 3761 praebuerit,
567 3697 625 3739 seu
661 3674 884 3761 praebuerint;
924 3681 1083 3761 tanquam
1121 3676 1272 3755 fautores,

225 3784 447 3864 receptatores,
480 3783 514 3841 et
545 3776 726 3841 defensores
755 3778 982 3843 haereticorum
1017 3781 1274 3844 excommunica

195 3887 197 3890 ’
225 3879 322 3961 mus,³
355 3886 389 3945 et
434 3880 729 3946 excommunicatos
767 3881 998 3947 denuntiamus
1029 3882 1129 3948 ctiam
1159 3883 1194 3947 in
1223 3884 1274 3948 his

225 3983 363 4069 scriptis.

270 4085 315 4150 Et
342 4090 382 4150 ut
404 4085 469 4150 isla
494 4085 662 4171 praemissa
686 4084 836 4151 omnibus
861 4086 896 4151 in
913 4085 1045 4153 Christo
1069 4087 1274 4155 credentibus

762 4288 878 4295 m
885 4289 985 4295 ...-
992 4289 1263 4300 ——.·-.--.-.-——

258 4409 313 4475 ¹1¹2]
327 4409 365 4471 iis,
379 4408 412 4460 A.
811 4412 1072 4479 'excommuniccmaq
1104 4414 1273 4465 excommuni-

256 4492 267 4521 ²
271 4488 637 4555 judicamus-condemnamus]
659 4489 728 4552 judi·
778 4492 897 4549 cavimus,
909 4491 1030 4553 A,Foxe.

224 4570 344 4626 cavimus,
354 4570 534 4620 declaravimus
546 4577 571 4621 et
579 4571 728 4619 condemna·

224 4648 314 4709 vimus,
327 4649 405 4700 Fore.
