3158 5490
308 725 374 790 380
618 734 798 785 riscrcom
820 731 1044 783 mammatae

309 918 436 1001 statuit,
466 925 630 1001 dicene‘
632 919 849 1008 ‘Quicunque
890 917 1103 998 sacerdotum,
1137 914 1359 997 diaconorum.

310 1028 624 1106 “subdiaconorum,
648 1031 722 1112 post
747 1022 938 1091 constituta¹
966 1024 1062 1089 bonae
1087 1022 1258 1088 memoriae
1282 1045 1362 1110 pree·

309 1137 327 1165 “
342 1129 559 1194 decessorum'
577 1134 764 1193 nostrorum
780 1126 841 1192 SS.
858 1125 977 1192 Leonis
997 1131 1031 1191 et
1051 1124 1083 1190 N
1086 1124 1184 1190 rcolar
1201 1125 1244 1190 de
1264 1125 1362 1190 caeti·

308 1239 325 1266 ‘¹
340 1235 410 1295 tate
429 1229 625 1310 elericorum,
644 1229 859 1295 concubinam
876 1227 985 1313 palam
997 1226 1138 1304 duxerit,
1153 1226 1211 1291 vel
1225 1227 1361 1293 ductum

308 1337 326 1367 “
341 1325 417 1396 non'
435 1331 611 1418 reliquerit,
644 1352 686 1395 ex
717 1336 811 1417 parte
841 1329 904 1394 Dei
936 1328 1182 1415 omnipotentia,
1218 1332 1256 1393 et
1286 1349 1361 1394 auc·

308 1441 326 1467 “
341 1433 477 1498 toritate
499 1434 684 1520 principum
710 1432 929 1518 apostolorum
960 1430 1051 1495 Petri
1077 1436 1112 1495 et
1142 1429 1250 1508 Pauli,
1276 1451 1361 1517 prae·

308 1544 325 1570 “
340 1534 490 1619 cipimua,
525 1541 559 1600 et
597 1535 731 1600 omnino
763 1532 1024 1608 contradicimus,
1048 1536 1088 1596 ut
1121 1532 1259 1597 missurn
1293 1553 1361 1599 non

307 1644 326 1671 “
340 1640 460 1714 cantet,
476 1657 536 1701 nec
551 1636 758 1723 evangelium
772 1634 871 1720 legat,
894 1654 954 1699 neo
969 1632 1140 1719 epistolam
1155 1633 1201 1698 ad
1216 1633 1360 1710 misaam,

307 1744 325 1773 “
339 1760 400 1803 nec
440 1743 573 1802 maneat
613 1760 686 1803 cum
717 1734 864 1813 clericia,³
892 1756 953 1800 nec
981 1739 1109 1821 partem
1145 1734 1190 1800 ab
1226 1734 1360 1801 ecclesia

307 1847 324 1874 “
340 1838 543 1925 suscipiat''⁴
618 1838 723 1925 Super
760 1859 826 1922 quo
874 1836 1118 1901 archidiaconus
1155 1837 1239 1903 dicit
1271 1836 1361 1923 quod

304 1941 443 2025 populus
473 1940 572 2006 debet
605 1940 795 2005 subtrahere
826 1961 847 2003 a
876 1939 937 2003 tali
968 1938 1110 2004 decimae
1139 1939 1357 2015 voluntariae,

305 2041 384 2124 quia
409 2063 476 2106 non
502 2042 601 2106 datur
625 2040 828 2118 beneficium,
856 2040 921 2105 nisi
947 2046 1082 2128 propter
1107 2040 1258 2106 officium

349 2140 477 2206 Deinde
511 2142 582 2206 dixi
612 2143 700 2227 quod
730 2143 852 2207 talibus
882 2142 1103 2207 sacerdotibus
1125 2143 1269 2228 populus
1293 2164 1358 2208 non

304 2241 402 2307 debet
433 2243 509 2306 dare
531 2243 716 2308 voluntarie
740 2245 888 2320 decimas,
912 2244 970 2308 sed
996 2244 1074 2329 quia
1100 2243 1254 2309 Christus
1280 2245 1360 2310 dicit

306 2342 377 2424 Qui
392 2342 465 2409 vult
480 2343 648 2410 recemiro
662 2343 802 2429 judicio
817 2344 1015 2411 contendere
1029 2352 1058 2411 et
1081 2344 1245 2411 tunicam
1258 2353 1359 2413 taam

305 2443 425 2523 tollere,
445 2445 558 2530 proebc
580 2445 612 2511 ei
639 2453 669 2511 et
687 2445 846 2531 pellium
857 2471 871 2525 ,·
894 2447 968 2511 ideo
989 2447 1099 2533 potius
1122 2447 1274 2512 dandum
1300 2453 1350 2514 eet

304 2547 386 2612 talia
408 2549 606 2633 petentibus,
631 2570 731 2633 quam
754 2571 813 2634 pro
836 2548 960 2613 talibus
986 2548 1124 2634 litigare
1171 2547 1245 2615 Nec
1274 2572 1359 2616 mor·

304 2650 448 2714 tuarium
470 2650 608 2736 populus
631 2650 729 2716 debet
752 2651 828 2715 dare
850 2650 916 2714 nisi
938 2671 981 2714 ex
1002 2650 1246 2716 consuetudine

790 2812 870 2877 XII.

138 2937 276 2992 Noctem
351 2937 561 3015 Duodecimo,
593 2938 680 3023 quod
702 2958 762 3003 nec
791 2937 870 3003 ordo
892 2935 1032 3002 fratrum
1055 2936 1155 3003 debet
1177 2959 1259 3018 esee,
1283 2939 1356 3026 [nec

137 3005 254 3147 &affl
305 3040 420 3126 religio
443 3035 682 3125 monialium.]⁶

136 3143 209 3189 ‘¹¹⁸2
349 3142 485 3206 Duobus
516 3142 620 3206 modia
652 3141 772 3205 dicitur
802 3142 889 3218 ordo,
917 3142 1018 3206 etiam
1047 3139 1196 3206 fratrum
1244 3142 1357 3210 Primo

303 3244 400 3309 modo
427 3243 547 3307 dicitur
577 3242 656 3307 ordo
688 3263 802 3308 norma
824 3248 858 3306 et
881 3244 1005 3307 actua
995 3265 1031 3308 ιιι
1054 3243 1174 3328 quibua
1197 3245 1357 3329 qualibet

302 3350 450 3410 creatura
488 3344 657 3408 ordinatur
688 3344 731 3408 ad
767 3344 973 3409 serviendum
1013 3343 1162 3410 Creatori
1200 3348 1356 3413 omnium

303 3445 453 3512 Secundo
488 3446 584 3511 modo
616 3445 736 3510 dicitur
769 3446 848 3510 ordo
879 3443 1020 3510 fratrum
1052 3467 1166 3525 mores,
1195 3454 1292 3515 actua
1323 3456 1357 3516 et

303 3547 382 3623 vita,
407 3547 527 3632 quibua
549 3551 697 3611 utuntur.

347 3647 392 3712 Et
422 3648 501 3731 quia
526 3648 587 3712 iate
618 3649 696 3713 ordo
722 3648 861 3714 fratrum
888 3654 938 3715 est
960 3649 1152 3715 mendicitas
1174 3658 1357 3738 spontanea

301 3748 449 3824 clamosa,
466 3768 540 3833 quae
563 3755 612 3813 ert
627 3755 740 3815 contra
757 3750 924 3835 justitiam
947 3749 1176 3837 evangelicam,
1199 3760 1242 3820 ut
1264 3762 1357 3843 petet

301 3872 359 3936 per
381 3854 509 3914 sanctos
531 3851 699 3916 doctores:

334 4153 496 4218 ’murdrum
515 4151 790 4213 constitutumcanon.
885 4151 1006 4213 ‘Deeret
1028 4159 1063 4217 pt.
1081 4167 1099 4204 1.
1120 4153 1177 4205 diet
1194 4160 1236 4217 ³2,
1260 4154 1354 4208 Proca

331 4233 342 4262 ²
348 4231 562 4296 predecessorum]
608 4231 804 4295 predecessoris,
849 4229 900 4280 doe.

304 4309 400 4361 Canon.
881 4312 891 4341 ⁸
902 4309 973 4362 Matr
984 4327 1008 4360 v.
1020 4316 1059 4360 40.

333 4386 533 4453 ’nec-clerica]
562 4403 642 4453 neque
657 4388 800 4452 inpresby·
880 4390 952 4438 ‘aec
969 4417 1003 4429 -
1020 4388 1169 4457 monialium]
1201 4391 1295 4445 should
1324 4396 1354 4445 bc

299 4466 363 4516 terio
380 4467 413 4515 ad
431 4465 516 4516 divina
532 4464 612 4517 officia
634 4481 691 4516 cum
708 4466 739 4515 iia
756 4466 799 4530 qni
846 4466 957 4520 omitted.

299 4543 403 4609 praefata
414 4542 585 4595 constitutioni
601 4543 744 4595 obedienter
759 4543 798 4594 fu-

299 4621 481 4674 crintmaneat
