3008 5490
230 690 272 752 24
541 702 719 752 raseruunr
742 700 967 750 zrznuronuu.

229 887 447 952 declarabitur
470 888 619 967 libenter,
650 909 724 952 eum
750 887 896 952 viderem
922 887 1085 971 quomodo
1117 885 1267 972 Magister

228 1011 318 1053 meus
333 989 454 1053 diceret
469 989 505 1051 in
524 990 606 1054 isto:
631 990 709 1074 quia
732 990 862 1074 signato
885 1009 972 1052 nune
986 988 1165 1074 praeterito,
1182 987 1268 1051 Deus

226 1111 295 1153 non
309 1096 359 1155 est
375 1091 410 1153 in
425 1090 489 1166 illo,
511 1091 689 1154 seeundum
705 1090 901 1176 Magistrum
922 1111 1052 1167 meum;
1074 1094 1109 1154 et
1123 1111 1182 1175 per
1196 1109 1267 1153 eum

226 1193 383 1275 sequitur,
412 1192 502 1254 Deus
527 1213 593 1255 non
619 1192 728 1256 estin
753 1192 828 1269 illo;
851 1213 928 1277 ergo
953 1213 1020 1255 non
1045 1191 1112 1255 fuit
1137 1191 1172 1254 in
1194 1191 1268 1269 illo;

226 1314 303 1377 ergo
315 1292 405 1356 Deus
419 1313 485 1356 non
500 1293 565 1356 fuit
579 1294 614 1356 in
629 1293 739 1377 aliquo
753 1314 849 1373 nune,
864 1292 918 1356 vel
933 1293 1072 1356 instanti
1083 1292 1267 1377 praeterito:

225 1398 260 1457 et
275 1415 295 1456 a
309 1395 381 1479 pari
396 1394 486 1458 Deus
497 1415 563 1457 non
586 1399 637 1458 est
660 1395 695 1457 in
720 1395 858 1458 instanti
881 1393 1041 1479 praesenti,
1067 1393 1161 1478 eujus
1176 1414 1269 1478 oppa

224 1495 325 1560 situm
357 1501 406 1560 est
436 1495 651 1574 verissimum,
683 1499 718 1559 et
754 1497 797 1559 ab
834 1496 985 1560 omnibus
1021 1495 1269 1559 eoncedendum.

225 1595 323 1661 Istud
346 1598 452 1663 solum
477 1603 577 1683 tango
601 1602 641 1660 ut
661 1596 793 1660 videam
818 1601 962 1661 mentem
987 1595 1142 1681 Magistri
1157 1597 1222 1661 mei
1236 1596 1269 1658 in

224 1698 285 1763 hae
299 1705 400 1785 parte.

57 1803 173 1870 wycufs
273 1802 421 1866 Secundo
443 1766 664 1887 principaliter
679 1800 758 1866 dicit
781 1800 938 1886 Magister
958 1822 1057 1875 meus,
1074 1800 1163 1885 quod
1177 1819 1271 1886 super

58 1874 181 1999 {wion
226 1901 281 1966 illo
297 1907 394 1968 textu
407 1901 518 1978 Amos,
535 1903 616 1967 Noa
631 1926 711 1968 sum
722 1903 895 1988 propheto,
907 1909 985 1967 sunt
995 1909 1136 1988 quatuor
1150 1904 1270 1989 glossae,

57 2002 190 2055 rimasse
225 2025 364 2087 quarum
374 2005 448 2068 duae
459 2009 536 2067 sunt
547 2027 634 2069 verae
660 2010 694 2068 et
705 2027 785 2089 quas
801 2006 868 2089 ipse
879 2006 1031 2090 assignat,
1044 2010 1078 2067 et
1088 2005 1190 2070 tertia
1200 2026 1272 2089 quae

224 2108 274 2168 est
297 2103 445 2190 Gregorii
469 2108 518 2168 est
540 2106 724 2189 probabilis,
749 2111 867 2190 quarta
889 2128 967 2170 vero
990 2107 1209 2170 interlinearis
1223 2111 1271 2170 est

222 2206 390 2290 possibilis,
424 2211 459 2270 et
484 2207 656 2270 asserenda
678 2208 719 2270 ab
742 2229 781 2271 eo
803 2208 856 2271 oui
878 2230 935 2293 per
961 2208 1123 2272 somnium
1138 2209 1192 2271 vel
1215 2230 1272 2293 per

223 2308 374 2391 spiritum
397 2307 622 2392 propheticum
645 2309 827 2373 revelatum
854 2314 911 2373 est
957 2309 1030 2384 Sed,
1059 2332 1178 2394 quaer0,
1207 2331 1272 2395 qua

222 2410 349 2472 ratione
372 2410 446 2473 duae
460 2409 576 2494 glossae
591 2409 743 2495 Magistri
758 2412 823 2473 mei
837 2416 915 2475 sunt
929 2433 1017 2476 verae
1031 2417 1065 2474 et
1079 2412 1268 2486 asserendae,

222 2511 328 2596 glossa
353 2532 431 2574 vero
459 2510 495 2572 B.
515 2511 663 2596 Gregorii
684 2517 815 2576 tantum
842 2513 1025 2597 probabilis,
1043 2517 1077 2577 et
1101 2514 1269 2598 opinative

223 2613 372 2677 tenenda
420 2612 457 2676 Si
475 2634 533 2697 pro
556 2613 619 2677 isto
641 2614 794 2678 haberem
809 2615 1044 2688 auctoritatem,
1062 2620 1142 2678 tune
1156 2615 1271 2678 melius

225 2736 326 2779 essem
349 2714 542 2778 informatus
557 2715 593 2777 in
608 2714 703 2779 dictis
716 2714 866 2800 Magistri
884 2715 967 2779 mei:
994 2716 1022 2779 si
1037 2737 1115 2778 vero
1131 2715 1192 2779 hoc
1206 2738 1272 2780 non

224 2816 313 2881 dieat
339 2816 523 2892 auctoritas,
558 2838 624 2880 non
652 2816 749 2880 debet
778 2816 937 2880 infirmari
972 2817 1096 2880 dictum
1121 2816 1272 2902 Gregorii

225 2919 303 3002 quia
326 2923 393 2982 sta-t
419 2940 478 3003 pro
500 2922 592 3003 parte
617 2939 697 2981 mea
745 2917 885 2981 Videtur
908 2923 1019 2981 tamen
1035 2919 1122 3002 quod
1142 2925 1269 3002 quartae

152 3024 154 3027 ’
224 3019 345 3103 glossae,
362 3019 483 3083 seilicet
499 3019 706 3092 interlineari,
729 3018 885 3103 Magister
915 3018 972 3082 dat
996 3042 1168 3095 assensum,
1195 3022 1273 3105 quia

225 3122 388 3185 subtiliter
403 3120 484 3184 dicit
504 3120 591 3204 quod
614 3120 670 3182 illa
693 3120 798 3204 glossa
823 3127 871 3183 est
897 3122 1067 3184 asserenda
1091 3123 1133 3185 ab
1158 3143 1196 3186 eo
1220 3122 1271 3186 oui

225 3223 404 3285 revelatum
420 3227 476 3285 est.
523 3221 569 3285 Et
595 3221 742 3303 sequitur
765 3220 792 3284 si
815 3221 857 3283 ab
881 3243 918 3285 eo
939 3223 983 3285 sit
998 3224 1176 3298 asserenda,
1195 3228 1273 3287 tunc

225 3328 275 3386 est
301 3323 481 3396 asserenda,
507 3323 586 3406 quia
612 3343 684 3386 eum
711 3321 790 3385 dicit
816 3323 973 3407 Magister
1000 3325 1086 3408 quod
1114 3346 1155 3388 ex
1182 3325 1273 3389 nulla

225 3429 367 3508 quatuor
396 3424 574 3510 glossarum
599 3424 748 3508 sequitur
778 3424 825 3486 ita
855 3424 953 3487 fuisse
980 3425 1154 3509 aliquando
1185 3428 1274 3511 quod

226 3526 330 3592 Amos
345 3549 410 3591 non
429 3534 478 3591 est
493 3526 660 3611 propheta,
678 3530 840 3610 repugnat
856 3525 915 3588 hoo
934 3548 1082 3610 expresse
1098 3528 1271 3611 praedietis.

225 3627 313 3694 Nam
329 3632 378 3694 ita
393 3631 472 3694 dicit
488 3628 682 3713 Gregorius;
709 3637 726 3661 ‘¹
738 3625 868 3700 verax,’'
885 3627 1002 3710 inquit,
1022 3639 1037 3662 “
1048 3629 1274 3693 testimonium

225 3732 326 3796 Amos
345 3733 384 3795 de
404 3733 507 3815 seipso
530 3729 643 3792 intulit
666 3729 781 3802 dicens,
799 3727 879 3792 Noa
902 3750 981 3793 sura
992 3728 1188 3812 pr·oplreto.''
1238 3729 1274 3795 Si

225 3853 327 3894 verax
343 3833 406 3894 fuit
427 3833 486 3894 hoe
509 3831 742 3905 testimonium,
760 3834 839 3893 tune
863 3830 911 3893 ita
933 3830 997 3893 fuit
1020 3831 1104 3894 siout
1126 3831 1222 3905 dixit,
1240 3837 1274 3893 et

225 3936 265 3994 ut
288 3932 368 3993 milri
391 3932 522 3995 videtur
554 3932 736 4017 expressius
768 3931 832 3994 diei
863 3954 928 3995 non
950 3937 1066 4017 posset.
1135 3932 1200 3998 Sed
1224 3954 1274 3995 re-

225 4032 364 4116 spondet
385 4032 543 4116 Magister
570 4039 604 4095 et
627 4033 706 4097 dicit
732 4033 819 4116 quod
841 4055 907 4096 non
931 4035 1085 4118 sequitur,
1104 4034 1183 4097 dicit
1210 4034 1274 4097 ista

226 4133 326 4217 signa,
351 4131 432 4197 Noa
453 4154 532 4197 sara
553 4132 725 4217 propbeta,
751 4155 826 4218 ergo
851 4135 932 4198 dicit
956 4156 988 4198 se
1016 4157 1080 4197 non
1106 4157 1173 4198 esso
1200 4157 1274 4219 pro·

225 4234 380 4317 phetam3
412 4254 449 4296 eo
473 4234 559 4317 quod
586 4235 755 4318 signaliter
788 4236 983 4319 significant.
1038 4235 1273 4301 Verumtamen

226 4356 285 4419 ego
309 4335 403 4399 oredo
426 4335 513 4419 quod
547 4334 594 4397 ibi
628 4341 677 4398 est
709 4358 819 4400 sensus
851 4339 1027 4422 completus
1045 4338 1144 4422 justa
1168 4340 1275 4402 inten-

226 4436 349 4499 tionem
387 4436 588 4519 proferentis.
646 4435 734 4498 Talis
772 4441 1001 4521 consequentia
1039 4446 1089 4502 est
1127 4441 1275 4524 optima-3

226 4539 373 4624 sequitur
388 4536 483 4612 enirn,
503 4535 572 4622 Ego
589 4534 658 4599 dieo
674 4537 761 4620 quod
778 4537 928 4603 Christus
945 4542 1115 4617 asthonis,
1134 4542 1185 4606 rel
1202 4542 1273 4605 dico
