<?xml version="1.0" encoding="UTF-8"?>
<!DOCTYPE html PUBLIC "-//W3C//DTD XHTML 1.0 Transitional//EN"
    "http://www.w3.org/TR/xhtml1/DTD/xhtml1-transitional.dtd">
<html xmlns="http://www.w3.org/1999/xhtml" xml:lang="en" lang="en">
 <head>
  <title>
</title>
<meta http-equiv="Content-Type" content="text/html;charset=utf-8" />
  <meta name='ocr-system' content='tesseract 3.04.00' />
  <meta name='ocr-capabilities' content='ocr_page ocr_carea ocr_par ocr_line ocrx_word'/>
</head>
<body>
  <div class='ocr_page' id='page_1' title='image "./fasciculizizani00nettgoog_0445.png"; bbox 0 0 3158 5490; ppageno 0'>
   <div class='ocr_carea' id='block_1_1' title="bbox 217 690 956 754">
    <p class='ocr_par' dir='ltr' id='par_1_1' title="bbox 217 690 956 754">
     <span class='ocr_line' id='line_1_1' title="bbox 217 690 956 754; baseline -0.001 0"><span class='ocrx_word' id='word_1_1' title='bbox 217 690 283 754; x_wconf 78' lang='lat'>346</span> <span class='ocrx_word' id='word_1_2' title='bbox 523 701 704 754; x_wconf 79' lang='lat' dir='ltr'>rsscrcum</span> <span class='ocrx_word' id='word_1_3' title='bbox 728 699 956 754; x_wconf 72' lang='lat' dir='ltr'>mmmm.</span> 
     </span>
    </p>
   </div>
   <div class='ocr_carea' id='block_1_2' title="bbox 715 888 779 961">
    <p class='ocr_par' dir='ltr' id='par_1_2' title="bbox 715 888 779 961">
     <span class='ocr_line' id='line_1_2' title="bbox 715 888 779 961; baseline 0.078 -5"><span class='ocrx_word' id='word_1_4' title='bbox 715 888 779 961; x_wconf 72' lang='lat' dir='ltr'>IX.</span> 
     </span>
    </p>
   </div>
   <div class='ocr_carea' id='block_1_3' title="bbox 215 1014 1281 1818">
    <p class='ocr_par' dir='ltr' id='par_1_3' title="bbox 215 1014 1281 1818">
     <span class='ocr_line' id='line_1_3' title="bbox 261 1014 1281 1104; baseline 0 -23"><span class='ocrx_word' id='word_1_5' title='bbox 261 1016 349 1083; x_wconf 90' lang='lat' dir='ltr'>ltem</span> <span class='ocrx_word' id='word_1_6' title='bbox 380 1014 467 1082; x_wconf 89' lang='lat' dir='ltr'>dixit</span> <span class='ocrx_word' id='word_1_7' title='bbox 497 1015 586 1103; x_wconf 87' lang='lat' dir='ltr'>quod</span> <span class='ocrx_word' id='word_1_8' title='bbox 612 1037 724 1082; x_wconf 88' lang='lat' dir='ltr'>omnes</span> <span class='ocrx_word' id='word_1_9' title='bbox 753 1016 901 1081; x_wconf 90' lang='lat' dir='ltr'>doctores</span> <span class='ocrx_word' id='word_1_10' title='bbox 926 1015 1201 1083; x_wconf 69' lang='lat' dir='ltr'><strong>determinantes</strong></span> <span class='ocrx_word' id='word_1_11' title='bbox 1225 1035 1281 1104; x_wconf 87' lang='lat' dir='ltr'>pro</span> 
     </span>
     <span class='ocr_line' id='line_1_4' title="bbox 217 1115 1280 1206; baseline -0.001 -21"><span class='ocrx_word' id='word_1_12' title='bbox 217 1124 309 1204; x_wconf 83' lang='lat' dir='ltr'>porto</span> <span class='ocrx_word' id='word_1_13' title='bbox 346 1119 485 1185; x_wconf 77' lang='lat' dir='ltr'><strong>fratrum</strong></span> <span class='ocrx_word' id='word_1_14' title='bbox 523 1118 560 1183; x_wconf 90' lang='lat' dir='ltr'>in</span> <span class='ocrx_word' id='word_1_15' title='bbox 596 1118 740 1206; x_wconf 82' lang='lat' dir='ltr'>capitulo</span> <span class='ocrx_word' id='word_1_16' title='bbox 775 1115 939 1185; x_wconf 82' lang='lat' dir='ltr'>Dudum¹</span> <span class='ocrx_word' id='word_1_17' title='bbox 972 1117 1171 1186; x_wconf 85' lang='lat' dir='ltr'>timuerrmt</span> <span class='ocrx_word' id='word_1_18' title='bbox 1199 1117 1280 1184; x_wconf 80' lang='lat' dir='ltr'>veri·</span> 
     </span>
     <span class='ocr_line' id='line_1_5' title="bbox 215 1218 1277 1310; baseline 0.005 -26"><span class='ocrx_word' id='word_1_19' title='bbox 215 1226 319 1285; x_wconf 81' lang='lat' dir='ltr'>tatem</span> <span class='ocrx_word' id='word_1_20' title='bbox 351 1221 463 1300; x_wconf 80' lang='lat' dir='ltr'>dicere,</span> <span class='ocrx_word' id='word_1_21' title='bbox 494 1243 537 1286; x_wconf 90' lang='lat' dir='ltr'>ne</span> <span class='ocrx_word' id='word_1_22' title='bbox 567 1243 680 1288; x_wconf 89' lang='lat' dir='ltr'>eorum</span> <span class='ocrx_word' id='word_1_23' title='bbox 717 1218 793 1285; x_wconf 89' lang='lat' dir='ltr'>libri</span> <span class='ocrx_word' id='word_1_24' title='bbox 823 1241 881 1308; x_wconf 87' lang='lat' dir='ltr'>per</span> <span class='ocrx_word' id='word_1_25' title='bbox 910 1218 1031 1287; x_wconf 83' lang='lat' dir='ltr'>frutres</span> <span class='ocrx_word' id='word_1_26' title='bbox 1064 1221 1277 1310; x_wconf 72' lang='lat' dir='ltr'>inquisitum</span> 
     </span>
     <span class='ocr_line' id='line_1_6' title="bbox 215 1320 1275 1410; baseline 0.005 -25"><span class='ocrx_word' id='word_1_27' title='bbox 215 1320 377 1389; x_wconf 82' lang='lat' dir='ltr'>lueretioae</span> <span class='ocrx_word' id='word_1_28' title='bbox 415 1322 590 1410; x_wconf 77' lang='lat' dir='ltr'>pravitatis</span> <span class='ocrx_word' id='word_1_29' title='bbox 639 1323 881 1400; x_wconf 71' lang='lat' dir='ltr'>damnentur,</span> <span class='ocrx_word' id='word_1_30' title='bbox 920 1323 975 1390; x_wconf 90' lang='lat' dir='ltr'>vel</span> <span class='ocrx_word' id='word_1_31' title='bbox 1026 1324 1204 1403; x_wconf 82' lang='lat' dir='ltr'>dixerunt,</span> <span class='ocrx_word' id='word_1_32' title='bbox 1240 1330 1275 1390; x_wconf 91' lang='lat' dir='ltr'>ut</span> 
     </span>
     <span class='ocr_line' id='line_1_7' title="bbox 216 1422 1275 1514; baseline 0.004 -26"><span class='ocrx_word' id='word_1_33' title='bbox 216 1422 372 1501; x_wconf 64' lang='lat' dir='ltr'>videtur,⁹</span> <span class='ocrx_word' id='word_1_34' title='bbox 409 1427 514 1493; x_wconf 87' lang='lat' dir='ltr'>solum</span> <span class='ocrx_word' id='word_1_35' title='bbox 552 1426 762 1514; x_wconf 76' lang='lat' dir='ltr'>disputative,</span> <span class='ocrx_word' id='word_1_36' title='bbox 802 1433 836 1492; x_wconf 92' lang='lat' dir='ltr'>et</span> <span class='ocrx_word' id='word_1_37' title='bbox 884 1448 952 1494; x_wconf 88' lang='lat' dir='ltr'>non</span> <span class='ocrx_word' id='word_1_38' title='bbox 995 1426 1275 1494; x_wconf 74' lang='lat' dir='ltr'>determinatione</span> 
     </span>
     <span class='ocr_line' id='line_1_8' title="bbox 215 1527 1273 1617; baseline 0.003 -25"><span class='ocrx_word' id='word_1_39' title='bbox 215 1532 456 1612; x_wconf 74' lang='lat' dir='ltr'>processerunt:</span> <span class='ocrx_word' id='word_1_40' title='bbox 508 1529 587 1615; x_wconf 82' lang='lat' dir='ltr'>quio</span> <span class='ocrx_word' id='word_1_41' title='bbox 623 1529 651 1594; x_wconf 84' lang='lat' dir='ltr'>si</span> <span class='ocrx_word' id='word_1_42' title='bbox 688 1529 784 1617; x_wconf 77' lang='lat' dir='ltr'>plane</span> <span class='ocrx_word' id='word_1_43' title='bbox 822 1527 999 1596; x_wconf 76' lang='lat' dir='ltr'>veritatem</span> <span class='ocrx_word' id='word_1_44' title='bbox 1037 1551 1103 1616; x_wconf 87' lang='lat' dir='ltr'>pro</span> <span class='ocrx_word' id='word_1_45' title='bbox 1141 1530 1273 1595; x_wconf 75' lang='lat' dir='ltr'>ecclesis</span> 
     </span>
     <span class='ocr_line' id='line_1_9' title="bbox 217 1629 1274 1719; baseline 0.007 -26"><span class='ocrx_word' id='word_1_46' title='bbox 217 1629 384 1706; x_wconf 80' lang='lat' dir='ltr'>dixissent,</span> <span class='ocrx_word' id='word_1_47' title='bbox 420 1631 581 1716; x_wconf 83' lang='lat' dir='ltr'>persecuti</span> <span class='ocrx_word' id='word_1_48' title='bbox 619 1654 674 1698; x_wconf 90' lang='lat' dir='ltr'>eos</span> <span class='ocrx_word' id='word_1_49' title='bbox 710 1631 849 1698; x_wconf 79' lang='lat' dir='ltr'>fuissent</span> <span class='ocrx_word' id='word_1_50' title='bbox 885 1631 1012 1708; x_wconf 66' lang='lat' dir='ltr'>fiuues</span> <span class='ocrx_word' id='word_1_51' title='bbox 1046 1632 1139 1699; x_wconf 88' lang='lat' dir='ltr'>sicut</span> <span class='ocrx_word' id='word_1_52' title='bbox 1169 1652 1274 1719; x_wconf 85' lang='lat' dir='ltr'>perse·</span> 
     </span>
     <span class='ocr_line' id='line_1_10' title="bbox 216 1731 1036 1818; baseline 0.004 -22"><span class='ocrx_word' id='word_1_53' title='bbox 216 1731 403 1818; x_wconf 82' lang='lat' dir='ltr'>quebuntur</span> <span class='ocrx_word' id='word_1_54' title='bbox 424 1740 574 1801; x_wconf 81' lang='lat' dir='ltr'>sanctum</span> <span class='ocrx_word' id='word_1_55' title='bbox 597 1735 761 1802; x_wconf 89' lang='lat' dir='ltr'>doctorem</span> <span class='ocrx_word' id='word_1_56' title='bbox 783 1733 1036 1800; x_wconf 85' lang='lat' dir='ltr'>Armuchcnum</span> 
     </span>
    </p>
   </div>
   <div class='ocr_carea' id='block_1_4' title="bbox 728 1947 768 2014">
    <p class='ocr_par' dir='ltr' id='par_1_4' title="bbox 728 1947 768 2014">
     <span class='ocr_line' id='line_1_11' title="bbox 728 1947 768 2014; baseline -0.05 0"><span class='ocrx_word' id='word_1_57' title='bbox 728 1947 768 2014; x_wconf 89' lang='lat' dir='ltr'>X.</span> 
     </span>
    </p>
   </div>
   <div class='ocr_carea' id='block_1_5' title="bbox 216 2067 1272 2652">
    <p class='ocr_par' dir='ltr' id='par_1_5' title="bbox 216 2067 1272 2652">
     <span class='ocr_line' id='line_1_12' title="bbox 262 2067 1272 2161; baseline 0.004 -24"><span class='ocrx_word' id='word_1_58' title='bbox 262 2067 348 2139; x_wconf 89' lang='lat' dir='ltr'>Item</span> <span class='ocrx_word' id='word_1_59' title='bbox 380 2071 468 2142; x_wconf 86' lang='lat' dir='ltr'>dixit</span> <span class='ocrx_word' id='word_1_60' title='bbox 498 2072 586 2161; x_wconf 87' lang='lat' dir='ltr'>quod</span> <span class='ocrx_word' id='word_1_61' title='bbox 610 2074 726 2140; x_wconf 71' lang='lat' dir='ltr'>fratres</span> <span class='ocrx_word' id='word_1_62' title='bbox 750 2075 791 2140; x_wconf 93' lang='lat' dir='ltr'>de</span> <span class='ocrx_word' id='word_1_63' title='bbox 815 2078 956 2160; x_wconf 82' lang='lat' dir='ltr'>quatuor</span> <span class='ocrx_word' id='word_1_64' title='bbox 981 2071 1158 2140; x_wconf 78' lang='lat' dir='ltr'>ordinibus</span> <span class='ocrx_word' id='word_1_65' title='bbox 1184 2095 1272 2141; x_wconf 91' lang='lat' dir='ltr'>men·</span> 
     </span>
     <span class='ocr_line' id='line_1_13' title="bbox 218 2175 1269 2266; baseline 0.003 -26"><span class='ocrx_word' id='word_1_66' title='bbox 218 2176 398 2243; x_wconf 77' lang='lat' dir='ltr'>dicentium</span> <span class='ocrx_word' id='word_1_67' title='bbox 435 2200 501 2244; x_wconf 92' lang='lat' dir='ltr'>non</span> <span class='ocrx_word' id='word_1_68' title='bbox 539 2182 625 2256; x_wconf 88' lang='lat' dir='ltr'>sunt,</span> <span class='ocrx_word' id='word_1_69' title='bbox 657 2199 717 2243; x_wconf 90' lang='lat' dir='ltr'>nec</span> <span class='ocrx_word' id='word_1_70' title='bbox 746 2177 879 2242; x_wconf 72' lang='lat' dir='ltr'>fuerumt</span> <span class='ocrx_word' id='word_1_71' title='bbox 913 2175 1046 2243; x_wconf 89' lang='lat' dir='ltr'>domino</span> <span class='ocrx_word' id='word_1_72' title='bbox 1086 2177 1269 2266; x_wconf 74' lang='lat' dir='ltr'>inspirante</span> 
     </span>
     <span class='ocr_line' id='line_1_14' title="bbox 217 2277 1266 2367; baseline 0.006 -26"><span class='ocrx_word' id='word_1_73' title='bbox 217 2277 388 2360; x_wconf 87' lang='lat' dir='ltr'>instituti;</span> <span class='ocrx_word' id='word_1_74' title='bbox 426 2281 482 2345; x_wconf 87' lang='lat' dir='ltr'>sed</span> <span class='ocrx_word' id='word_1_75' title='bbox 512 2285 627 2345; x_wconf 79' lang='lat' dir='ltr'>contro</span> <span class='ocrx_word' id='word_1_76' title='bbox 656 2278 827 2345; x_wconf 89' lang='lat' dir='ltr'>concilium</span> <span class='ocrx_word' id='word_1_77' title='bbox 856 2278 1005 2367; x_wconf 75' lang='lat' dir='ltr'>generale</span> <span class='ocrx_word' id='word_1_78' title='bbox 1037 2278 1266 2356; x_wconf 83' lang='lat' dir='ltr'>Letersnense,</span> 
     </span>
     <span class='ocr_line' id='line_1_15' title="bbox 216 2379 1269 2468; baseline 0.003 -25"><span class='ocrx_word' id='word_1_79' title='bbox 216 2379 278 2444; x_wconf 90' lang='lat' dir='ltr'>sub</span> <span class='ocrx_word' id='word_1_80' title='bbox 316 2381 508 2447; x_wconf 85' lang='lat' dir='ltr'>Innocentio</span> <span class='ocrx_word' id='word_1_81' title='bbox 545 2382 646 2449; x_wconf 87' lang='lat' dir='ltr'>tertio</span> <span class='ocrx_word' id='word_1_82' title='bbox 683 2381 903 2461; x_wconf 65' lang='lat' dir='ltr'>celebratum</span> <span class='ocrx_word' id='word_1_83' title='bbox 946 2403 984 2446; x_wconf 82' lang='lat' dir='ltr'>ec</span> <span class='ocrx_word' id='word_1_84' title='bbox 1022 2403 1082 2468; x_wconf 91' lang='lat' dir='ltr'>per</span> <span class='ocrx_word' id='word_1_85' title='bbox 1120 2382 1202 2449; x_wconf 80' lang='lat' dir='ltr'>ficto</span> <span class='ocrx_word' id='word_1_86' title='bbox 1236 2384 1269 2446; x_wconf 90' lang='lat' dir='ltr'>et</span> 
     </span>
     <span class='ocr_line' id='line_1_16' title="bbox 217 2483 1268 2573; baseline 0.004 -26"><span class='ocrx_word' id='word_1_87' title='bbox 217 2483 299 2548; x_wconf 81' lang='lat' dir='ltr'>salso</span> <span class='ocrx_word' id='word_1_88' title='bbox 332 2484 459 2551; x_wconf 78' lang='lat' dir='ltr'>somnis</span> <span class='ocrx_word' id='word_1_89' title='bbox 495 2506 582 2573; x_wconf 80' lang='lat' dir='ltr'>papa</span> <span class='ocrx_word' id='word_1_90' title='bbox 620 2484 787 2551; x_wconf 88' lang='lat' dir='ltr'>Honorius</span> <span class='ocrx_word' id='word_1_91' title='bbox 821 2506 934 2551; x_wconf 74' lang='lat' dir='ltr'>suasus</span> <span class='ocrx_word' id='word_1_92' title='bbox 963 2507 985 2549; x_wconf 84' lang='lat' dir='ltr'>o</span> <span class='ocrx_word' id='word_1_93' title='bbox 1013 2484 1186 2567; x_wconf 80' lang='lat' dir='ltr'>frutribus,</span> <span class='ocrx_word' id='word_1_94' title='bbox 1217 2505 1268 2551; x_wconf 85' lang='lat' dir='ltr'>ecs</span> 
     </span>
     <span class='ocr_line' id='line_1_17' title="bbox 216 2586 430 2652; baseline 0.005 -2"><span class='ocrx_word' id='word_1_95' title='bbox 216 2586 430 2652; x_wconf 75' lang='lat' dir='ltr'>confirmavit.</span> 
     </span>
    </p>
   </div>
   <div class='ocr_carea' id='block_1_6' title="bbox 46 3058 1272 3185">
    <p class='ocr_par' dir='ltr' id='par_1_6' title="bbox 46 3058 1272 3185">
     <span class='ocr_line' id='line_1_18' title="bbox 46 3058 1272 3185; baseline 0.003 -60"><span class='ocrx_word' id='word_1_96' title='bbox 46 3065 152 3185; x_wconf 58' lang='lat' dir='ltr'>llleffid</span> <span class='ocrx_word' id='word_1_97' title='bbox 261 3058 348 3129; x_wconf 79' lang='lat' dir='ltr'>Istos</span> <span class='ocrx_word' id='word_1_98' title='bbox 387 3061 497 3132; x_wconf 85' lang='lat' dir='ltr'>decem</span> <span class='ocrx_word' id='word_1_99' title='bbox 535 3064 756 3131; x_wconf 78' lang='lat' dir='ltr'>conclusiones</span> <span class='ocrx_word' id='word_1_100' title='bbox 793 3059 922 3151; x_wconf 91' lang='lat' dir='ltr'>publice</span> <span class='ocrx_word' id='word_1_101' title='bbox 955 3060 1147 3151; x_wconf 76' lang='lat' dir='ltr'>abnegavit,</span> <span class='ocrx_word' id='word_1_102' title='bbox 1173 3060 1272 3130; x_wconf 82' lang='lat' dir='ltr'>dixit·</span> 
     </span>
    </p>
   </div>
   <div class='ocr_carea' id='block_1_7' title="bbox 45 3165 1270 3562">
    <p class='ocr_par' dir='ltr' id='par_1_7' title="bbox 45 3165 1270 3356">
     <span class='ocr_line' id='line_1_19' title="bbox 45 3165 1270 3254; baseline 0.007 -30"><span class='ocrx_word' id='word_1_103' title='bbox 45 3215 123 3250; x_wconf 81' lang='lat' dir='ltr'>never</span> <span class='ocrx_word' id='word_1_104' title='bbox 134 3203 192 3254; x_wconf 87' lang='lat' dir='ltr'>held</span> <span class='ocrx_word' id='word_1_105' title='bbox 216 3186 279 3249; x_wconf 88' lang='lat' dir='ltr'>quc</span> <span class='ocrx_word' id='word_1_106' title='bbox 306 3165 378 3231; x_wconf 81' lang='lat' dir='ltr'>illas</span> <span class='ocrx_word' id='word_1_107' title='bbox 408 3189 476 3232; x_wconf 88' lang='lat' dir='ltr'>esse</span> <span class='ocrx_word' id='word_1_108' title='bbox 506 3168 726 3234; x_wconf 85' lang='lat' dir='ltr'>conclusiones</span> <span class='ocrx_word' id='word_1_109' title='bbox 756 3167 944 3232; x_wconf 79' lang='lat' dir='ltr'>falsissimos</span> <span class='ocrx_word' id='word_1_110' title='bbox 967 3172 1002 3232; x_wconf 89' lang='lat' dir='ltr'>et</span> <span class='ocrx_word' id='word_1_111' title='bbox 1025 3188 1188 3245; x_wconf 79' lang='lat' dir='ltr'>erroneos,</span> <span class='ocrx_word' id='word_1_112' title='bbox 1213 3188 1270 3232; x_wconf 91' lang='lat' dir='ltr'>nec</span> 
     </span>
     <span class='ocr_line' id='line_1_20' title="bbox 45 3267 706 3356; baseline 0.015 -29"><span class='ocrx_word' id='word_1_113' title='bbox 45 3267 121 3318; x_wconf 80' lang='lat' dir='ltr'>rhem</span> <span class='ocrx_word' id='word_1_114' title='bbox 215 3289 268 3333; x_wconf 84' lang='lat' dir='ltr'>eus</span> <span class='ocrx_word' id='word_1_115' title='bbox 291 3291 365 3333; x_wconf 89' lang='lat' dir='ltr'>eum</span> <span class='ocrx_word' id='word_1_116' title='bbox 388 3292 533 3356; x_wconf 72' lang='lat' dir='ltr'>umquam</span> <span class='ocrx_word' id='word_1_117' title='bbox 556 3271 706 3356; x_wconf 89' lang='lat' dir='ltr'>posuisse.</span> 
     </span>
    </p>

    <p class='ocr_par' dir='ltr' id='par_1_8' title="bbox 45 3369 1268 3562">
     <span class='ocr_line' id='line_1_21' title="bbox 45 3369 1268 3460; baseline 0.001 -16"><span class='ocrx_word' id='word_1_118' title='bbox 45 3393 109 3445; x_wconf 84' lang='lat' dir='ltr'>Bein</span> <span class='ocrx_word' id='word_1_119' title='bbox 259 3371 448 3456; x_wconf 88' lang='lat' dir='ltr'>Requisitus</span> <span class='ocrx_word' id='word_1_120' title='bbox 503 3374 619 3438; x_wconf 88' lang='lat' dir='ltr'>deinde</span> <span class='ocrx_word' id='word_1_121' title='bbox 659 3373 701 3439; x_wconf 81' lang='lat' dir='ltr'>ab</span> <span class='ocrx_word' id='word_1_122' title='bbox 747 3370 985 3460; x_wconf 81' lang='lat' dir='ltr'>archiepiscopo</span> <span class='ocrx_word' id='word_1_123' title='bbox 1036 3369 1268 3439; x_wconf 76' lang='lat' dir='ltr'>Ountuariensi</span> 
     </span>
     <span class='ocr_line' id='line_1_22' title="bbox 45 3412 1268 3562; baseline 0.005 -29"><span class='ocrx_word' id='word_1_124' title='bbox 45 3412 200 3516; x_wconf 70' lang='lat' dir='ltr'>asledvhu</span> <span class='ocrx_word' id='word_1_125' title='bbox 213 3474 323 3558; x_wconf 83' lang='lat' dir='ltr'>quales</span> <span class='ocrx_word' id='word_1_126' title='bbox 343 3474 562 3541; x_wconf 84' lang='lat' dir='ltr'>conclusiones</span> <span class='ocrx_word' id='word_1_127' title='bbox 577 3474 646 3561; x_wconf 90' lang='lat' dir='ltr'>ipse</span> <span class='ocrx_word' id='word_1_128' title='bbox 661 3475 790 3540; x_wconf 82' lang='lat' dir='ltr'>dixerat</span> <span class='ocrx_word' id='word_1_129' title='bbox 813 3475 865 3541; x_wconf 91' lang='lat' dir='ltr'>vel</span> <span class='ocrx_word' id='word_1_130' title='bbox 880 3478 1033 3562; x_wconf 84' lang='lat' dir='ltr'>posuerat</span> <span class='ocrx_word' id='word_1_131' title='bbox 1052 3474 1090 3538; x_wconf 91' lang='lat' dir='ltr'>in</span> <span class='ocrx_word' id='word_1_132' title='bbox 1110 3475 1268 3552; x_wconf 79' lang='lat' dir='ltr'>materis3</span> 
     </span>
    </p>
   </div>
   <div class='ocr_carea' id='block_1_8' title="bbox 44 3527 1267 3663">
    <p class='ocr_par' dir='ltr' id='par_1_9' title="bbox 44 3527 1267 3663">
     <span class='ocr_line' id='line_1_23' title="bbox 44 3527 1267 3663; baseline -0.002 -19"><span class='ocrx_word' id='word_1_133' title='bbox 44 3527 156 3655; x_wconf 50' lang='lat' dir='ltr'>iiiii&amp;</span> <span class='ocrx_word' id='word_1_134' title='bbox 212 3577 377 3661; x_wconf 82' lang='lat' dir='ltr'>quandam</span> <span class='ocrx_word' id='word_1_135' title='bbox 397 3575 598 3643; x_wconf 79' lang='lat' dir='ltr'>schedulum³</span> <span class='ocrx_word' id='word_1_136' title='bbox 617 3577 764 3663; x_wconf 89' lang='lat' dir='ltr'>protulit,</span> <span class='ocrx_word' id='word_1_137' title='bbox 792 3599 911 3643; x_wconf 92' lang='lat' dir='ltr'>novem</span> <span class='ocrx_word' id='word_1_138' title='bbox 940 3574 1165 3643; x_wconf 85' lang='lat' dir='ltr'>conclusiones</span> <span class='ocrx_word' id='word_1_139' title='bbox 1195 3599 1267 3644; x_wconf 90' lang='lat' dir='ltr'>con-</span> 
     </span>
    </p>
   </div>
   <div class='ocr_carea' id='block_1_9' title="bbox 44 3664 1312 4176">
    <p class='ocr_par' dir='ltr' id='par_1_10' title="bbox 44 3664 1312 4176">
     <span class='ocr_line' id='line_1_24' title="bbox 44 3664 1312 3780; baseline 0.002 -39"><span class='ocrx_word' id='word_1_140' title='bbox 44 3664 174 3780; x_wconf 53' lang='lat' dir='ltr'>ffiffi</span> <span class='ocrx_word' id='word_1_141' title='bbox 212 3678 381 3755; x_wconf 90' lang='lat' dir='ltr'>tinentem,</span> <span class='ocrx_word' id='word_1_142' title='bbox 413 3701 557 3745; x_wconf 81' lang='lat' dir='ltr'>asserens</span> <span class='ocrx_word' id='word_1_143' title='bbox 595 3686 629 3745; x_wconf 90' lang='lat' dir='ltr'>et</span> <span class='ocrx_word' id='word_1_144' title='bbox 664 3684 850 3745; x_wconf 79' lang='lat' dir='ltr'>contestans</span> <span class='ocrx_word' id='word_1_145' title='bbox 879 3702 913 3743; x_wconf 90' lang='lat' dir='ltr'>se</span> <span class='ocrx_word' id='word_1_146' title='bbox 943 3677 1016 3743; x_wconf 84' lang='lat' dir='ltr'>illus</span> <span class='ocrx_word' id='word_1_147' title='bbox 1052 3679 1265 3755; x_wconf 86' lang='lat' dir='ltr'>solummodo,</span> <span class='ocrx_word' id='word_1_148' title='bbox 1308 3718 1312 3723; x_wconf 96' lang='lat'>-</span> 
     </span>
     <span class='ocr_line' id='line_1_25' title="bbox 44 3779 1267 3868; baseline 0.001 -23"><span class='ocrx_word' id='word_1_149' title='bbox 44 3796 159 3859; x_wconf 64' lang='lat' dir='ltr'>elusione,</span> <span class='ocrx_word' id='word_1_150' title='bbox 212 3785 246 3844; x_wconf 88' lang='lat' dir='ltr'>et</span> <span class='ocrx_word' id='word_1_151' title='bbox 276 3802 343 3846; x_wconf 92' lang='lat' dir='ltr'>non</span> <span class='ocrx_word' id='word_1_152' title='bbox 380 3781 469 3858; x_wconf 83' lang='lat' dir='ltr'>olias,</span> <span class='ocrx_word' id='word_1_153' title='bbox 501 3781 537 3845; x_wconf 88' lang='lat' dir='ltr'>in</span> <span class='ocrx_word' id='word_1_154' title='bbox 567 3781 628 3847; x_wconf 82' lang='lat' dir='ltr'>huc</span> <span class='ocrx_word' id='word_1_155' title='bbox 657 3780 794 3847; x_wconf 83' lang='lat' dir='ltr'>materis</span> <span class='ocrx_word' id='word_1_156' title='bbox 816 3780 966 3868; x_wconf 85' lang='lat' dir='ltr'>posuisse.</span> <span class='ocrx_word' id='word_1_157' title='bbox 1012 3779 1163 3861; x_wconf 76' lang='lat' dir='ltr'>Quarum</span> <span class='ocrx_word' id='word_1_158' title='bbox 1194 3802 1267 3848; x_wconf 88' lang='lat' dir='ltr'>con·</span> 
     </span>
     <span class='ocr_line' id='line_1_26' title="bbox 212 3882 1267 3972; baseline 0.001 -26"><span class='ocrx_word' id='word_1_159' title='bbox 212 3882 393 3950; x_wconf 85' lang='lat' dir='ltr'>elusionum</span> <span class='ocrx_word' id='word_1_160' title='bbox 424 3883 604 3972; x_wconf 81' lang='lat' dir='ltr'>septimam,</span> <span class='ocrx_word' id='word_1_161' title='bbox 636 3890 786 3951; x_wconf 80' lang='lat' dir='ltr'>octavam</span> <span class='ocrx_word' id='word_1_162' title='bbox 817 3887 852 3948; x_wconf 90' lang='lat' dir='ltr'>et</span> <span class='ocrx_word' id='word_1_163' title='bbox 881 3904 1009 3959; x_wconf 80' lang='lat' dir='ltr'>nonam,</span> <span class='ocrx_word' id='word_1_164' title='bbox 1035 3883 1077 3949; x_wconf 88' lang='lat' dir='ltr'>de</span> <span class='ocrx_word' id='word_1_165' title='bbox 1104 3883 1208 3951; x_wconf 87' lang='lat' dir='ltr'>verbo</span> <span class='ocrx_word' id='word_1_166' title='bbox 1233 3883 1267 3947; x_wconf 86' lang='lat' dir='ltr'>in</span> 
     </span>
     <span class='ocr_line' id='line_1_27' title="bbox 212 3983 1267 4076; baseline 0 -27"><span class='ocrx_word' id='word_1_167' title='bbox 212 3986 349 4051; x_wconf 86' lang='lat' dir='ltr'>verbum</span> <span class='ocrx_word' id='word_1_168' title='bbox 375 3987 429 4053; x_wconf 89' lang='lat' dir='ltr'>hic</span> <span class='ocrx_word' id='word_1_169' title='bbox 454 3984 598 4064; x_wconf 88' lang='lat' dir='ltr'>inserui,⁴</span> <span class='ocrx_word' id='word_1_170' title='bbox 611 3983 659 4076; x_wconf 48' lang='lat' dir='ltr'>:co</span> <span class='ocrx_word' id='word_1_171' title='bbox 689 3987 778 4073; x_wconf 89' lang='lat' dir='ltr'>quod</span> <span class='ocrx_word' id='word_1_172' title='bbox 808 4008 849 4050; x_wconf 83' lang='lat' dir='ltr'>ex</span> <span class='ocrx_word' id='word_1_173' title='bbox 879 3984 944 4049; x_wconf 88' lang='lat' dir='ltr'>illis</span> <span class='ocrx_word' id='word_1_174' title='bbox 965 3985 1062 4072; x_wconf 82' lang='lat' dir='ltr'>plone</span> <span class='ocrx_word' id='word_1_175' title='bbox 1083 3992 1267 4073; x_wconf 87' lang='lat' dir='ltr'>sequuntur</span> 
     </span>
     <span class='ocr_line' id='line_1_28' title="bbox 211 4086 1265 4176; baseline -0.001 -22"><span class='ocrx_word' id='word_1_176' title='bbox 211 4092 278 4154; x_wconf 86' lang='lat' dir='ltr'>tres</span> <span class='ocrx_word' id='word_1_177' title='bbox 307 4090 357 4154; x_wconf 92' lang='lat' dir='ltr'>illi</span> <span class='ocrx_word' id='word_1_178' title='bbox 379 4090 516 4169; x_wconf 82' lang='lat' dir='ltr'>articuli,</span> <span class='ocrx_word' id='word_1_179' title='bbox 533 4090 569 4155; x_wconf 91' lang='lat' dir='ltr'>in</span> <span class='ocrx_word' id='word_1_180' title='bbox 590 4089 708 4176; x_wconf 90' lang='lat' dir='ltr'>quibus</span> <span class='ocrx_word' id='word_1_181' title='bbox 735 4095 785 4155; x_wconf 91' lang='lat' dir='ltr'>est</span> <span class='ocrx_word' id='word_1_182' title='bbox 808 4086 995 4156; x_wconf 84' lang='lat' dir='ltr'>convictus:</span> <span class='ocrx_word' id='word_1_183' title='bbox 1031 4096 1133 4174; x_wconf 79' lang='lat' dir='ltr'>prout</span> <span class='ocrx_word' id='word_1_184' title='bbox 1155 4094 1265 4176; x_wconf 85' lang='lat' dir='ltr'>potere</span> 
     </span>
    </p>
   </div>
   <div class='ocr_carea' id='block_1_10' title="bbox 211 4465 1168 4698">
    <p class='ocr_par' dir='ltr' id='par_1_11' title="bbox 211 4465 1168 4698">
     <span class='ocr_line' id='line_1_29' title="bbox 245 4465 1168 4539; baseline -0.003 -17"><span class='ocrx_word' id='word_1_185' title='bbox 245 4468 385 4539; x_wconf 59' lang='grc' dir='ltr'>’Μανῆ</span> <span class='ocrx_word' id='word_1_186' title='bbox 426 4472 453 4524; x_wconf 82' lang='lat' dir='ltr'>Is</span> <span class='ocrx_word' id='word_1_187' title='bbox 483 4473 534 4524; x_wconf 80' lang='lat' dir='ltr'>thir</span> <span class='ocrx_word' id='word_1_188' title='bbox 560 4472 603 4523; x_wconf 80' lang='lat' dir='ltr'>the</span> <span class='ocrx_word' id='word_1_189' title='bbox 630 4485 711 4524; x_wconf 76' lang='lat' dir='ltr'>ennon</span> <span class='ocrx_word' id='word_1_190' title='bbox 794 4467 923 4536; x_wconf 54' lang='lat' dir='ltr'>&#39;videreq</span> <span class='ocrx_word' id='word_1_191' title='bbox 936 4466 1036 4518; x_wconf 71' lang='lat' dir='ltr'>videtur</span> <span class='ocrx_word' id='word_1_192' title='bbox 1047 4466 1096 4528; x_wconf 73' lang='lat' dir='ltr'>tel,</span> <span class='ocrx_word' id='word_1_193' title='bbox 1108 4465 1168 4521; x_wconf 77' lang='lat' dir='ltr'>MS.</span> 
     </span>
     <span class='ocr_line' id='line_1_30' title="bbox 211 4547 1160 4617; baseline -0.002 -17"><span class='ocrx_word' id='word_1_194' title='bbox 211 4549 313 4601; x_wconf 83' lang='lat' dir='ltr'>Dudum</span> <span class='ocrx_word' id='word_1_195' title='bbox 333 4552 368 4602; x_wconf 81' lang='lat' dir='ltr'>cd</span> <span class='ocrx_word' id='word_1_196' title='bbox 393 4569 443 4613; x_wconf 82' lang='lat' dir='ltr'>nos,</span> <span class='ocrx_word' id='word_1_197' title='bbox 465 4552 564 4606; x_wconf 77' lang='lat' dir='ltr'>Decret.</span> <span class='ocrx_word' id='word_1_198' title='bbox 593 4566 657 4617; x_wconf 73' lang='lat' dir='ltr'>pers.</span> <span class='ocrx_word' id='word_1_199' title='bbox 681 4565 711 4602; x_wconf 87' lang='lat'>11.</span> <span class='ocrx_word' id='word_1_200' title='bbox 795 4547 965 4615; x_wconf 58' lang='lat' dir='ltr'>&#39;mlcdoloffl</span> <span class='ocrx_word' id='word_1_201' title='bbox 979 4548 1160 4600; x_wconf 72' lang='lat' dir='ltr'>sedulanS.</span> 
     </span>
     <span class='ocr_line' id='line_1_31' title="bbox 211 4626 1116 4698; baseline -0.003 -15"><span class='ocrx_word' id='word_1_202' title='bbox 211 4644 286 4683; x_wconf 65' lang='lat' dir='ltr'>cause</span> <span class='ocrx_word' id='word_1_203' title='bbox 296 4629 349 4683; x_wconf 82' lang='lat' dir='ltr'>xix.</span> <span class='ocrx_word' id='word_1_204' title='bbox 361 4633 448 4698; x_wconf 76' lang='lat' dir='ltr'>qul?</span> <span class='ocrx_word' id='word_1_205' title='bbox 796 4626 1116 4697; x_wconf 78' lang='lat' dir='ltr'>⁴insem]insernit‚MS.</span> 
     </span>
    </p>
   </div>
   <div class='ocr_carea' id='block_1_11' title="bbox 0 0 1584 5490">
    <p class='ocr_par' dir='ltr' id='par_1_12' title="bbox 0 0 1584 5490">
     <span class='ocr_line' id='line_1_32' title="bbox 0 0 1584 5490; baseline 0 2"><span class='ocrx_word' id='word_1_206' title='bbox 0 0 1584 5490; x_wconf 95' lang='lat' dir='ltr'> </span> 
     </span>
    </p>
   </div>
  </div>
 </body>
</html>
