3008 5490
539 742 718 797 rrscrcunr
739 743 963 798 zmarroauu
1211 730 1278 806 297

228 934 294 1021 lyff
319 934 361 999 de
389 937 593 999 sacramento
626 932 747 1009 altarm
779 937 813 998 et
851 931 898 997 eis
927 931 1050 1010 suasit3
1077 933 1135 997 sed
1166 932 1446 1004 bacea-doctor‚first

227 1036 327 1101 larius
349 1035 495 1100 existens
515 1032 719 1098 humillimus
742 1036 776 1097 et
798 1033 960 1119 benignus
982 1034 1143 1119 apparuit,
1167 1033 1216 1097 ita
1238 1039 1277 1097 ut
1289 1025 1446 1140 {Pfflrssr

227 1138 332 1203 bonus
362 1137 404 1200 ab
435 1135 586 1200 omnibus
616 1134 724 1199 fuerat
753 1140 933 1220 reputatus
995 1134 1060 1199 Sed
1090 1134 1277 1199 doctoratus
1289 1141 1429 1208 ofwyclif.

225 1238 262 1303 in
287 1236 430 1303 termino
454 1236 588 1313 metatis,
604 1235 640 1298 in
667 1235 774 1320 prima
799 1257 859 1299 sua
880 1235 1019 1300 lectione
1042 1236 1165 1321 incepit
1187 1257 1277 1322 mag-

223 1336 359 1403 nificare
378 1336 547 1423 Wycclyff
568 1342 603 1401 et
627 1358 721 1400 suam
748 1337 938 1414 doctrinam,
963 1341 998 1401 et
1025 1337 1111 1401 dixit
1135 1359 1169 1401 se
1193 1337 1277 1401 velle

224 1438 399 1505 defendere
429 1459 557 1503 omnem
585 1437 766 1502 doctrinam
796 1459 888 1501 suam
918 1437 954 1500 in
984 1438 1122 1502 materia
1151 1438 1275 1514 morali,

224 1545 261 1607 et
290 1538 434 1626 digitum
465 1538 514 1602 ori
543 1560 603 1602 suo
636 1538 801 1623 imponere
832 1539 933 1602 donec
971 1538 1061 1603 Deus
1098 1538 1277 1602 illustraret
1291 1557 1367 1607 nois

223 1640 325 1707 aaa
353 1639 430 1705 aeri
460 1640 501 1705 oe
530 1644 732 1704 rasamenta
762 1639 882 1702 uaris.
931 1638 996 1718 Qus
1026 1638 1135 1702 aaa
1158 1622 1421 1752 praui-pm

224 1748 360 1809 coturus
397 1741 435 1805 in
470 1741 554 1805 festo
592 1739 744 1825 Corporis
778 1737 903 1804 Christi
940 1739 1088 1824 proximo
1127 1738 1274 1818 Oxoniae,
1287 1768 1319 1803 on
1332 1753 1429 1832 eorpus

224 1842 316 1929 apud
337 1840 370 1907 S.
394 1841 643 1906 Fredeswidam.
1288 1819 1382 1871 clm
1388 1819 1445 1884 ‘¹⁸5-

270 1942 319 2007 Et
356 1941 509 2007 catholici
546 1941 708 2005 timebant
746 1941 889 2005 multum
920 1942 1008 2026 quod
1045 1941 1114 2028 ipse
1150 1940 1277 2026 aliquos
1289 1962 1429 2014 rhenon-

224 2063 351 2111 errores
380 2042 428 2107 ibi
457 2042 638 2107 denudaret
667 2042 704 2106 in
730 2041 950 2107 defensionem
975 2042 1155 2129 Wycclyffi
1178 2029 1378 2128 quarell⁸¹¹⁰p

223 2146 427 2231 rogavenmt
451 2142 622 2208 dominum
651 2142 927 2228 archiepiscopum
943 2143 1211 2210 cantuariensem
1233 2149 1273 2207 ut
1289 2096 1376 2211 pepp?

224 2243 447 2311 conclusiones
484 2266 543 2330 per
579 2265 654 2308 eum
685 2248 719 2309 et
748 2265 824 2308 suos
853 2244 1074 2330 suffraganeos
1104 2246 1275 2324 damnatae,
1289 2226 1439 2356 {ffiffi

225 2350 306 2411 ante
331 2366 425 2409 suam
448 2344 713 2431 pradicationem
744 2344 885 2409 Oxoniae
914 2345 1165 2430 publicarentur.
1212 2345 1278 2425 Qui
1289 2358 1435 2408 noostha

226 2466 377 2511 annuens
406 2444 499 2510 misit
527 2444 624 2509 fratri
661 2444 760 2510 Petro
798 2443 924 2530 Stokys
955 2443 1148 2524 Camelitas,
1180 2467 1278 2531 quem
1289 2424 1414 2554 m&

226 2546 323 2613 novit
349 2567 417 2632 prae
442 2544 557 2611 ceteris
587 2545 749 2611 laborasse
775 2551 889 2610 contra
916 2544 1090 2621 Lollardos,
1122 2552 1157 2610 et
1181 2552 1280 2611 secta.

226 2646 381 2733 wyclyff
401 2645 568 2721 restitisse,
600 2645 857 2711 commissionem
888 2645 931 2710 nd
960 2645 1194 2731 publicandum
1225 2667 1278 2710 ess

226 2748 369 2816 Oxoniae
390 2747 535 2812 infesto
561 2745 713 2833 Corporis
738 2745 870 2821 Christi,
892 2751 970 2810 ante
993 2766 1173 2811 sermonem
1203 2746 1279 2809 Phi-

225 2848 318 2935 lippi

271 2948 319 3014 Et
353 2947 453 3013 aliam
490 2946 620 3012 literam
657 2946 748 3012 misit
783 2945 980 3021 cancellario,
1011 2951 1052 3012 ut
1086 2946 1150 3012 sibi
1185 2946 1394 3011 assis-arua

227 3055 316 3117 teret
345 3050 381 3114 in
411 3047 640 3135 publicatione,
677 3054 711 3114 et
748 3069 822 3113 eum
855 3048 989 3133 juvaret
1027 3053 1061 3114 et
1091 3024 1432 3141 defenseracfohfflffi

228 3152 277 3217 Et
301 3151 407 3237 prima
432 3150 530 3214 litera
554 3149 775 3234 praecribitur
804 3149 882 3213 solio
908 3155 1027 3235 quarto
1051 3147 1150 3227 ante‚¹
1177 3154 1211 3213 et
1234 3149 1279 3214 sic
1290 3155 1352 3215 him,
1361 3155 1448 3233 inrwo

227 3251 347 3337 incipit
359 3275 415 3314 :—
1291 3235 1430 3337 ssfflfflle

276 3350 459 3416 Willelmus
496 3349 704 3436 permissione
751 3350 867 3415 divina
897 3351 1142 3417 Cantuariensis
1172 3350 1281 3416 archi·

227 3454 408 3541 episcopus,
439 3451 542 3516 totius
573 3450 704 3537 Angliae
733 3452 863 3538 primas,
902 3457 937 3517 et
974 3453 1158 3537 apostolicae
1195 3451 1280 3517 sedis

228 3555 367 3641 legatus,
400 3552 519 3617 dilecto
556 3552 592 3616 in
623 3552 754 3618 Christo
784 3553 853 3618 filio
882 3552 977 3617 fratri
1015 3552 1113 3618 Petro
1148 3552 1280 3638 Stokys,

229 3677 331 3723 sacrae
353 3653 483 3742 paginae
506 3653 685 3740 professori,
711 3653 834 3719 ordinis
858 3652 1118 3731 Carmelitarum,
1144 3660 1204 3719 etc

616 4001 624 4031 ¹
638 3999 685 4051 See
694 3999 781 4060 above,
793 4012 817 4063 p.
831 4000 888 4051 275.
