3008 5490
533 736 713 792 snscrcum
737 739 966 792 z1zsn10nuu.
1214 728 1281 791 345

188 914 191 919 ⁵
222 919 418 1012 ursoque
441 946 550 1005 sexus,
577 947 637 992 nec
661 942 830 1014 pepones
855 927 1030 1014 episcopus,
1058 927 1114 993 sed
1143 925 1282 992 vicarius

221 1024 303 1093 nive
327 1033 436 1093 rector
459 1027 653 1115 parochialis
679 1030 829 1119 proprius
852 1030 999 1096 sacerdos
1025 1028 1221 1097 nominatur.

741 1217 782 1283 V.

275 1339 367 1408 Item
390 1341 478 1410 dixit
503 1345 590 1430 quod
614 1367 705 1432 reges
729 1351 764 1411 et
787 1345 955 1433 principes,
980 1345 1107 1433 prselcti
1132 1351 1166 1412 et
1192 1369 1281 1434 mag-

224 1448 336 1521 netes,
374 1444 531 1511 frutribus
548 1448 638 1537 ⁴sine
675 1448 809 1513 licentis
845 1449 950 1514 cuncti
986 1448 1177 1536 parochialis
1207 1471 1282 1515 con·

224 1546 372 1639 ¹fitentes
397 1549 581 1633 mortaliter
605 1556 740 1636 peccunt
763 1551 811 1617 sic
836 1551 1040 1631 confitendo;
1072 1561 1106 1616 et
1131 1550 1282 1616 similiter

227 1646 352 1715 fintres
375 1671 429 1715 eos
451 1651 622 1717 audiendo.

276 1750 327 1817 Et
351 1751 392 1817 de
413 1751 465 1818 his
486 1753 593 1820 tribus
615 1760 665 1820 est
687 1754 863 1822 convictus

734 1945 793 2010 VI.

278 2063 368 2133 Item
394 2066 481 2134 dixit
510 2069 597 2154 quod
622 2091 665 2134 ex
690 2052 748 2134 ills
771 2075 923 2157 oonuptu
949 2070 1182 2137 consuetudine
1209 2092 1282 2155 quse

230 2167 316 2237 dicit
353 2172 441 2257 quod
483 2193 574 2258 reges
605 2178 639 2238 et
670 2171 802 2248 domini,
834 2194 960 2239 necnon
989 2179 1024 2239 et
1053 2172 1109 2238 olii
1147 2173 1283 2239 confessi

230 2272 399 2348 frutribus,
438 2295 506 2339 non
543 2279 700 2340 tenentur
735 2274 856 2341 iterum
893 2275 960 2341 suis
1002 2276 1123 2363 propiis
1160 2275 1283 2341 curatis

229 2373 476 2463 parochialibus
533 2377 688 2455 confiteri,
743 2384 866 2465 septem
921 2378 1185 2444 inconvenientis
1233 2399 1282 2443 se·

232 2480 391 2565 quuntur.

279 2577 432 2646 Primum
455 2585 505 2645 est
527 2584 734 2668 contemptus
756 2582 880 2669 proprii
902 2582 1015 2649 cumti.

277 2680 466 2747 Secundum
488 2682 663 2749 minoratio
686 2684 926 2751 erubescentias.

277 2783 427 2850 Tertium
450 2784 590 2851 desertio
613 2786 816 2853 obedientioe.

278 2885 442 2966 Quartum
463 2887 623 2974 generalis
645 2889 765 2954 statuti
787 2886 1012 2976 contemptus¹

280 2988 443 3068 Quintum
466 2990 603 3076 indigns
625 2991 805 3077 assumptio
828 2991 1038 3056 eucharistiae.

212 3144 218 3150 .
279 3091 421 3157 Sextum
445 3092 626 3159 subtractio
645 3094 785 3180 gratiae5
808 3100 842 3160 et
866 3093 927 3159 hoo
944 3098 1092 3180 utroque,
1115 3097 1184 3156 tum
1209 3114 1284 3157 oon·

232 3199 351 3261 fitente
374 3217 473 3280 quem
496 3195 657 3261 audiente.

280 3297 465 3384 Septimum
488 3298 644 3385 pabulum
667 3299 789 3366 mortis.

727 3483 805 3550 VII.

281 3606 368 3675 Item
399 3610 494 3686 dixit,
527 3609 615 3698 quod
645 3633 686 3676 ex
720 3608 973 3676 confessionibus
1002 3612 1098 3676 factis
1127 3611 1283 3676 frutribus

232 3719 418 3799 sequuntur
466 3714 548 3791 lites,
596 3714 726 3801 rapinae,
767 3714 943 3790 discordiae,
980 3718 1014 3779 et
1061 3713 1134 3779 alie
1184 3714 1284 3779 variae

232 3815 423 3882 divisiones

718 4005 816 4074 VIII.

282 4134 369 4200 Item
394 4135 480 4202 dixit
507 4137 595 4222 quod
618 4136 734 4202 fratres
760 4142 939 4201 asserentes
961 4136 1024 4201 sibi
1044 4136 1203 4203 confessos
1217 4155 1284 4203 non

232 4232 357 4304 iterum
387 4237 534 4304 confiteri
564 4239 677 4304 endem
707 4243 840 4326 peooma
870 4239 938 4303 suis
971 4239 1109 4326 propriis
1139 4239 1284 4304 sacerdo·

233 4341 327 4406 tibus
350 4346 428 4406 sunt
450 4341 601 4406 hoeretioi.
