3008 5490
541 716 721 769 rascrounr
742 715 967 766 zmnrrronmr.
1211 701 1276 766 143

223 897 1280 989 solaetexvinofitsanguissimilimodo,uthaec

224 1008 396 1094 utrimque
425 1027 484 1093 per
518 1003 568 1071 se¹
593 1003 750 1070 confectio
785 1001 994 1069 memoriam⁹
1022 998 1138 1065 mortis
1165 998 1280 1064 Domi-

223 1112 305 1177 niere
319 1105 568 1174 summonte&

265 1210 360 1292 Quid
385 1208 478 1274 aliud
503 1211 598 1271 notat
631 1206 827 1271 consecratio
853 1206 959 1291 primo
985 1211 1134 1295 eorporis,
1163 1209 1280 1275 deinde
1294 1223 1318 1274 1t
1328 1224 1350 1273 ia
1361 1225 1408 1273 im·

222 1310 425 1379 eonseorntio
448 1306 624 1394 sanguinis,
648 1306 721 1382 nisi,
749 1307 834 1372 siout
859 1308 984 1373 dietum
1010 1317 1067 1388 est,
1084 1311 1280 1378 consecratio
1291 1290 1372 1405 ffliffie

222 1412 396 1500 sanguinis
409 1413 626 1476 saoramentnt
648 1408 840 1494 sanguinem
855 1409 995 1474 effirsum
1010 1414 1101 1497 quasi
1124 1414 1228 1488 modo,
1246 1416 1280 1476 et
1292 1427 1404 1484 reparate

224 1512 426 1580 oonseerstio
446 1510 586 1596 eorporis
608 1530 738 1573 earnem
762 1508 938 1594 sanguine⁴
960 1519 1149 1597 separatam.
1195 1513 1279 1579 Caro
1292 1500 1432 1602 ,ffiffi

227 1620 345 1680 sutem
358 1611 489 1698 ponitur
509 1632 552 1675 ex
566 1611 601 1675 vi
617 1610 731 1696 primae
746 1610 972 1687 conversionis,
989 1618 1023 1677 et
1045 1615 1175 1700 sanguis
1190 1636 1232 1678 ex
1247 1614 1282 1677 vi
1293 1617 1429 1694 bremme

228 1713 383 1781 semmdae
411 1711 633 1778 conversionis.
680 1711 726 1775 Et
756 1710 826 1776 haee
857 1710 964 1776 divisa
992 1715 1163 1790 ,conversio
1187 1720 1283 1779 notat
1293 1683 1335 1732 ὼ
1346 1696 1418 1732 '¹¹²⁰'

227 1817 322 1881 illnm
346 1814 548 1880 benedictam
563 1811 767 1889 divisionem,
796 1817 831 1876 et
854 1820 1081 1892 ssorumentnt,
1107 1837 1182 1899 quae
1197 1815 1283 1880 foeta

228 1923 280 1983 est
293 1916 331 1980 in
345 1915 509 1981 dominius
523 1913 680 2000 passione

272 2017 524 2083 Sacramentum
544 2036 619 2100 ergo
643 2013 784 2099 eorporis
808 2013 932 2080 Christi
958 2037 1073 2103 eorpus
1088 2016 1211 2084 Christi
1234 2022 1284 2082 est

219 2119 352 2184 nedum
393 2116 544 2193 identioe,
583 2115 640 2179 sed
685 2114 869 2200 aecipiendo
917 2138 987 2182 esse
1025 2141 1084 2204 pro
1133 2114 1284 2205 signare‚⁶

228 2220 395 2306 quomodo
416 2222 656 2282 sacramentum
678 2215 753 2279 fidei
768 2216 848 2281 fides
870 2215 948 2293 est,⁰
970 2220 1048 2305 quia
1070 2242 1143 2286 earo
1160 2219 1284 2286 Christi

229 2319 414 2407 spiritualis
428 2324 462 2383 et
484 2316 702 2402 intelligibilis
716 2317 752 2381 in
774 2317 870 2382 altari
885 2319 994 2406 signat
1010 2320 1133 2387 Christi
1155 2343 1284 2386 earnem

229 2421 428 2495 sensibilem,
452 2424 487 2483 et
508 2417 712 2504 palpabilem,
729 2424 763 2483 et
784 2418 821 2483 in
842 2442 934 2485 oruoe
955 2422 1103 2506 positam,
1127 2428 1166 2487 ut
1187 2442 1286 2506 supra

232 2523 366 2587 dixerat
380 2520 594 2606 Augustinus
932 2549 936 2559 ·

280 2622 336 2686 Ex
359 2621 411 2684 his
434 2625 527 2705 patet
550 2619 714 2704 responsio
743 2621 904 2703 quaerenti
927 2621 1006 2703 quid
1029 2627 1079 2686 est
1101 2622 1184 2685 illud
1199 2621 1286 2705 quod
1299 2621 1386 2671 Hence
1403 2619 1446 2669 ¹¹1⁶

232 2722 411 2789 ssoerdotis
425 2720 576 2784 manibus
597 2725 764 2794 tractatur,
783 2720 936 2784 dentibus
951 2722 1148 2786 sensibiliter
1161 2722 1285 2786 teritur.
1298 2701 1396 2803 mr

235 2821 402 2904 Quaestio⁷
430 2821 517 2885 enim
534 2821 619 2906 quid
641 2821 681 2884 de
696 2821 744 2884 rei
766 2821 905 2885 essentia
927 2822 1068 2906 quaerit3
1090 2844 1185 2888 nemo
1200 2823 1286 2887 enim
1299 2817 1419 2884 sumn·

235 2924 367 3010 proprie
382 2922 556 3007 respondet
571 2922 613 2985 ad
630 2921 722 2985 illam
737 2922 951 3006 quaestionem
966 2945 1025 3008 per
1038 2924 1086 2988 rei
1100 2924 1286 3002 recidentia,

224 3023 312 3090 sen⁸
328 3024 434 3088 eidem
456 3023 503 3086 rei
526 3022 715 3096 extrinseca,
741 3029 774 3086 et
796 3023 869 3087 ideo
893 3046 966 3087 oum
990 3024 1174 3089 substantia
1196 3024 1289 3110 panis

235 3125 418 3190 materialis
443 3146 510 3188 non
535 3123 580 3186 sit
606 3123 653 3185 ihi
679 3129 752 3206 post
779 3125 1057 3202 consecrationem,
1084 3148 1189 3211 neque
1214 3126 1289 3191 sub-

237 3227 365 3290 stantia
379 3224 457 3299 vini,
474 3230 513 3287 ut
535 3223 694 3308 posterius
718 3225 907 3300 ostenditur,
932 3227 988 3290 sed
1011 3249 1124 3313 corpus
1148 3225 1289 3293 Christi⁰

236 3326 461 3413 principaliter
486 3329 520 3388 et
555 3324 693 3409 sanguis,
730 3346 771 3388 ex
797 3326 832 3389 vi
858 3329 1072 3394 sacramenti:
1107 3329 1180 3395 ideo
1215 3352 1289 3395 oon-

238 3428 412 3492 venienter
460 3426 672 3510 respondetur
708 3427 796 3509 quod
841 3433 890 3491 est
935 3450 1048 3514 eorpus
1086 3429 1208 3496 Christi
1255 3436 1289 3494 et

238 3528 380 3613 sanguis,
405 3527 494 3611 quod
519 3525 694 3589 sacerdotis
720 3527 869 3592 manibus
892 3533 1060 3608 tractatur,
1084 3537 1119 3596 et
1140 3532 1288 3596 sumitur.

240 3628 412 3707 Quaerenti
446 3627 532 3691 enim
567 3627 607 3689 de
629 3648 734 3690 massa
767 3634 921 3714 argentea
943 3631 1099 3696 deaurata
1122 3633 1203 3715 quid
1234 3632 1286 3705 sit,

239 3751 338 3795 nemo
360 3729 488 3813 proprie
511 3727 683 3811 respondet
712 3729 886 3793 seeundum
909 3731 1046 3796 colorem
1068 3753 1210 3807 aureum,
1234 3733 1290 3796 sed

239 3830 456 3916 respondetur
481 3829 569 3914 quod
583 3832 633 3892 est
659 3836 838 3914 argentum.
886 3830 1022 3896 Plebani
1047 3838 1160 3897 tamen
1176 3834 1291 3898 dicunt

279 4133 286 4161 ¹
300 4131 399 4195 art-ae]
418 4138 446 4181 nt
461 4130 507 4180 hec
519 4146 563 4194 per
574 4145 599 4179 ae
611 4129 746 4194 utriusque,
824 4132 954 4196 ‘usquurd
968 4132 1114 4196 significare,
1126 4132 1160 4193 A»
1172 4132 1231 4182 hele
1242 4132 1291 4181 and

244 4209 279 4270 Α,
292 4209 322 4260 c,
792 4210 886 4273 always
896 4210 924 4257 in
935 4210 985 4259 this
995 4218 1066 4262 tract.

278 4289 289 4317 ²
309 4288 426 4350 confectio
452 4287 598 4352 motorium]
630 4285 748 4349 per-lectio
825 4300 893 4364 σαι]
907 4316 955 4350 om.
967 4301 997 4350 Β,

245 4365 472 4507 mimsziibmiidi]
486 4448 658 4502 sacramentat,
666 4441 699 4500 Α,
707 4442 736 4491 Β.
826 4404 967 4470 ⁷Qw⁸²f⁰l
982 4391 1046 4467 (ᾗ,
1054 4403 1097 4465 At
1109 4403 1248 4467 Q¹¹⁰m⁰d⁰v
1260 4402 1292 4456 0·

282 4523 291 4550 ⁴
301 4535 396 4570 carnem
405 4522 534 4587 sanquine]
551 4537 651 4572 carnem
660 4529 684 4571 et
692 4536 749 4571 san·
826 4509 835 4538 ⁸
845 4525 886 4557 Μ’

248 4599 463 4663 minemo,
