3008 5490
523 768 649 822 rmms
671 771 744 822 aro
766 769 979 823 nocuumrs
1206 753 1271 826 457

224 957 265 1023 de
290 958 326 1023 vi
341 959 529 1038 ·sermonis;
554 965 666 1025 tamen
696 965 825 1047 oportet
855 960 999 1028 conferre
1024 965 1133 1047 partes
1165 959 1272 1045 Scrip-

223 1062 307 1126 turae
323 1060 366 1126 ad
380 1060 528 1140 invicem,
545 1061 663 1128 adhoc
678 1063 767 1148 quod
789 1063 936 1150 capiatur
958 1084 1070 1128 sensus
1091 1062 1161 1148 ejus
1185 1058 1272 1148 [ex]¹

224 1161 373 1249 integro:
397 1164 446 1228 ita
472 1164 560 1249 quod
585 1164 655 1230 haec
679 1187 755 1251 pars
783 1164 1009 1231 Doemonium
1032 1163 1130 1229 holos
1153 1164 1270 1250 signat,

224 1264 419 1330 conferendo
455 1267 498 1331 ad
543 1266 645 1331 istum
682 1289 820 1345 sensum,
867 1266 978 1332 Judaei
1023 1267 1180 1331 dixerunt
1217 1265 1270 1341 sic,

224 1364 449 1433 Daemonium
479 1367 585 1446 iubes,
617 1369 674 1454 qui
704 1391 817 1434 sensus
849 1369 913 1454 piis
943 1368 1077 1433 auribus
1109 1367 1273 1446 dulcescit,

224 1489 300 1534 cum
330 1470 471 1536 audiunt
502 1469 670 1536 Christum
693 1493 752 1557 pro
782 1471 877 1536 nobis
902 1471 973 1556 pati
1008 1475 1061 1534 tot
1093 1468 1272 1556 opprobria.

224 1569 324 1636 Posui
361 1577 473 1637 autem
512 1572 593 1638 alias
631 1595 690 1659 pro
735 1572 857 1638 talibus
896 1572 1032 1658 argutiis
1070 1570 1273 1657 capientibus

222 1675 351 1759 portam
387 1673 573 1760 Scripturas,
616 1673 802 1760 exemplum
839 1672 927 1758 quod
968 1672 1066 1737 didici
1098 1694 1156 1758 pro
1183 1676 1274 1736 statu

223 1774 384 1861 sophistae
430 1775 519 1840 Nam
543 1798 674 1840 suasum
699 1781 749 1840 est
774 1775 856 1839 mihi
880 1774 968 1860 quod
994 1774 1064 1839 haec
1086 1773 1128 1838 sit
1156 1773 1274 1859 impos-

223 1876 340 1955 sibilis,
370 1877 479 1942 nullus
509 1877 605 1942 homo
632 1883 682 1942 est
712 1876 845 1956 asinus;
883 1899 922 1941 eo
957 1876 1044 1961 quod
1074 1895 1169 1940 omne
1199 1874 1271 1939 sub-

219 1977 347 2062 jectum
383 1977 505 2043 habens
540 1979 613 2064 plus
643 1979 740 2043 unius
770 1979 1006 2044 contrariorum
1032 1998 1131 2062 quam
1156 1975 1273 2061 reliqui

224 2079 456 2145 denominatur
485 2102 506 2144 a
534 2079 641 2165 pluri:
675 2080 732 2145 sed
758 2081 837 2145 data
862 2080 1041 2166 propositio
1071 2080 1144 2168 plus
1173 2079 1274 2143 habet

223 2179 378 2246 falsitatis
404 2202 502 2266 quam
527 2181 686 2260 veritatis,
712 2203 786 2267 quoe
811 2188 889 2247 sunt
913 2182 1077 2247 contrariu
1096 2181 1273 2246 secundum

224 2281 439 2347 Aristotelem
454 2283 474 2359 32
497 2303 573 2369 ergo
589 2288 639 2347 est
664 2283 755 2349 falsa
803 2284 914 2349 Minor
935 2285 1101 2370 probatur,
1125 2305 1164 2348 eo
1186 2283 1274 2367 quod

224 2384 417 2449 subticendo
447 2385 602 2449 ultimum
641 2390 676 2449 et
707 2386 850 2471 primurn
880 2385 1085 2461 mriverselia
1113 2385 1274 2449 resultant

225 2485 300 2551 duae
334 2487 570 2573 propositiones
605 2487 839 2573 impossibiles;
876 2493 911 2552 ct
946 2493 1078 2552 tantum
1116 2491 1166 2550 est
1207 2509 1273 2550 una

224 2608 311 2652 vera
363 2588 450 2675 Ergo
477 2586 578 2652 habet
600 2589 674 2676 plus
700 2588 859 2664 falsitatis,
884 2610 957 2653 cum
984 2587 1179 2674 principium
1202 2587 1273 2672 ejus

224 2688 277 2764 sit,
300 2688 411 2754 nullus
437 2688 533 2759 homo
563 2694 634 2768 est;
664 2695 699 2754 et
728 2691 802 2754 finis
829 2689 899 2774 ejus
923 2690 967 2754 sit
994 2690 1061 2765 hoe,
1093 2688 1190 2753 homo
1223 2695 1273 2752 est

225 2790 343 2854 asinus
404 2789 470 2855 Sed
507 2790 606 2854 didici
636 2791 874 2878 responsionem
917 2791 959 2854 ad
997 2790 1067 2868 hoc,
1107 2790 1168 2854 sub
1206 2790 1272 2854 ista

224 2890 337 2956 forma
384 2891 566 2956 Dicendum
592 2891 685 2979 [θεὼ]8
708 2893 796 2978 quod
818 2893 887 2957 haec
913 2892 1090 2978 propositio
1106 2915 1178 2956 cum
1202 2893 1274 2956 uni-

225 3015 300 3058 cum
322 2998 432 3058 actum
458 2993 669 3079 principalem
693 2993 802 3072 habet,
830 3000 865 3060 et
890 3017 989 3081 penes
1016 2995 1108 3060 illum
1133 2995 1273 3080 judicari

226 3094 326 3159 habet
366 3095 488 3159 veritos
527 3095 581 3159 vel
621 3095 748 3160 falsitas
785 3096 1022 3182 propositionis,
1062 3102 1154 3183 patet
1186 3097 1274 3182 quod

225 3197 367 3262 veritate
392 3197 660 3282 correspondente
686 3198 840 3284 primarie
870 3198 920 3262 illi
951 3198 1046 3274 actui,
1079 3203 1129 3263 est
1158 3220 1273 3285 propo·

225 3299 302 3364 sitio
323 3299 404 3363 satis
422 3319 507 3375 vera,
531 3321 590 3364 nec
610 3304 720 3385 partes
743 3299 813 3385 ejus
835 3305 914 3364 sunt
934 3299 1167 3386 propositiones
1178 3325 1186 3379 ;
1209 3299 1273 3365 nisi

225 3401 309 3466 forte
345 3400 375 3465 ei
410 3401 467 3486 qui
500 3400 587 3486 ipsos
619 3402 752 3466 seorsim
787 3402 1072 3488 proportionaliter
1108 3402 1272 3488 intelligit.

225 3501 430 3589 Applicando
475 3501 545 3567 haec
586 3503 629 3566 ad
669 3503 857 3587 objicientes
902 3510 1014 3569 contra
1060 3503 1272 3590 Scripturam,

225 3604 347 3669 dicitur
375 3604 464 3691 quod
494 3603 565 3669 haec
597 3605 700 3669 oratio
723 3605 946 3671 Decrnoniam
979 3604 1077 3671 Irata
1112 3611 1162 3670 est
1198 3629 1272 3694 pars

225 3707 454 3794 propositionis
486 3707 661 3783 catholicas,
695 3713 729 3773 et
751 3731 810 3772 nec
833 3731 892 3794 per
914 3731 948 3772 se
972 3707 1075 3794 logice
1101 3731 1189 3785 vera,
1213 3730 1273 3773 nec

225 3809 327 3895 logice
360 3809 442 3873 falsa
456 3831 466 3886 ;1
508 3809 565 3874 sed
592 3809 693 3894 juvat
729 3811 914 3896 partialiter
949 3811 991 3874 od
1026 3811 1112 3875 huno
1143 3833 1272 3876 sensum

225 3911 444 3991 catholicum3
466 3911 489 3976 J
491 3911 578 3976 udaei
599 3913 645 3977 sic
667 3912 831 3990 dixerunt,
853 3912 1077 3978 Bremenium
1097 3913 1200 3979 lobes.

268 4013 401 4077 Dicitur
422 4013 509 4098 quod
531 4014 619 4098 apud
640 4014 834 4079 catholicum
857 4038 922 4079 non
945 4015 1142 4081 lacerantem
1166 4015 1273 4102 Scrip-

225 4119 335 4180 turam
361 4120 411 4179 est
436 4114 506 4180 haec
531 4137 606 4201 pars
633 4116 812 4202 Scripturas
839 4118 944 4182 oratio
971 4117 1182 4205 incomplexe,
1206 4141 1273 4182 non

224 4218 411 4306 propositio,
442 4222 482 4281 ut
506 4222 600 4303 patet
629 4218 665 4282 in
688 4219 837 4305 exemplo
866 4219 1040 4306 sophistico
1070 4242 1129 4307 pro
1159 4219 1273 4285 simili·

225 4439 391 4449 --ιιι--ι---ιΗ

261 4592 324 4666 ¹et]
339 4615 387 4650 om.
399 4597 455 4671 MS·
812 4599 882 4667 ἐκ]
896 4605 944 4652 oin.
960 4593 1017 4653 MS.

258 4666 386 4730 'Aristot
404 4666 544 4745 Memphyc.
556 4693 582 4728 x.
595 4679 617 4728 4.
