3008 5490
536 754 717 813 rosmconl
738 756 965 817 musmones.
1233 752 1274 817 91

254 939 307 1006 dico
318 943 395 1027 quod
410 943 497 1010 visio
519 943 593 1023 Dei,
610 945 680 1011 sive
697 946 849 1033 cognitio,
866 948 1018 1033 qusedom
1033 953 1084 1015 est
1099 948 1275 1035 complexo,

254 1045 438 1129 ctqnaedmn
469 1046 682 1133 incomplexe
730 1048 874 1115 Visionis
903 1050 1080 1138 complexae
1112 1050 1276 1135 objectum

252 1147 408 1213 otveritos
430 1148 603 1234 complexo
623 1149 661 1215 in
682 1156 845 1235 quontum
866 1151 950 1217 tulis
996 1152 1063 1218 Sed
1078 1174 1172 1217 omne
1188 1152 1277 1237 quod

251 1248 425 1333 cognoscitur
439 1272 461 1316 a
475 1249 557 1329 Deo,
577 1251 648 1317 sivo
674 1273 731 1317 ens
757 1252 827 1318 sive
850 1275 918 1319 non
944 1274 1008 1332 ens,
1036 1258 1086 1319 est
1112 1252 1276 1338 objectum

251 1350 416 1435 cognitionis
440 1351 527 1438 [sive
547 1352 760 1442 complexae]‚¹
778 1353 848 1419 sive
870 1354 1090 1442 incomplexos.
1137 1353 1276 1442 Signum

252 1448 328 1536 hujus
353 1452 573 1520 distinotionis
601 1461 738 1542 opponet
761 1455 797 1520 in
822 1456 992 1522 intellectu
1017 1456 1191 1534 victorum,
1219 1457 1276 1542 qui

252 1551 399 1638 aliqnando
427 1555 644 1643 sppnehendit
674 1556 936 1644 propositionem,
962 1558 1047 1624 sicut
1076 1580 1179 1623 unum
1209 1579 1274 1636 ons,

252 1673 302 1721 non
321 1657 491 1724 advertens
517 1659 597 1744 quid
622 1681 681 1745 per
710 1681 782 1725 eum
807 1660 1020 1747 significatur,
1042 1665 1077 1724 et
1101 1659 1177 1724 talis
1202 1681 1277 1744 cog·

253 1758 332 1824 noeoit
354 1760 582 1847 complexum
605 1761 662 1826 sed
687 1767 799 1828 tsmen
824 1762 1028 1848 incomplexe
1055 1760 1139 1825 alius
1165 1781 1277 1846 oppre-

252 1856 342 1926 hcndit
364 1868 505 1948 uuoque
531 1863 636 1941 modo,
652 1863 775 1928 scilicet
801 1864 837 1928 in
863 1886 906 1942 se,
923 1868 958 1929 ot
979 1863 1014 1928 in
1041 1885 1099 1928 suo
1125 1860 1276 1948 signat03

250 1961 334 2029 ethic
358 1969 428 2030 tem
455 1964 628 2051 complexe,
645 1986 744 2049 quom
771 1965 981 2052 incomplexe,
998 1964 1162 2051 cognoscit
1189 1963 1276 2028 idem

251 2062 410 2148 objectum3
434 2066 584 2150 quamvis
609 2066 693 2131 forte
716 2089 783 2132 non
804 2068 979 2153 utrobique
1002 2067 1237 2132 immediatum.

280 2166 326 2233 Sic
340 2169 412 2235 dico
432 2168 469 2232 in
489 2167 660 2255 proposit0,
677 2170 766 2254 quod
788 2170 990 2255 incomplexe
1011 2170 1101 2235 Deus
1115 2168 1207 2235 videt
1222 2190 1275 2233 me

248 2286 359 2348 cuncte,
398 2270 453 2336 vel
490 2292 558 2336 esse
596 2270 767 2349 Londonii,
806 2271 884 2356 quio
920 2271 1104 2338 intellectus
1142 2272 1274 2337 divinus

247 2372 469 2459 compnchendit
514 2373 584 2450 hoo,
622 2373 708 2438 sicut
745 2379 779 2439 et
817 2379 924 2438 octena
968 2396 1035 2440 suae
1080 2373 1275 2461 cognitionis

245 2471 359 2558 objecta,
384 2482 420 2541 et
448 2480 519 2541 tam
545 2474 712 2560 complexe
743 2496 843 2560 quom
872 2475 1074 2562 incomplexe
1101 2477 1192 2541 videt
1222 2496 1275 2540 me

243 2582 301 2658 post
322 2576 365 2642 Se
391 2599 527 2657 currere,
552 2577 629 2664 quis
655 2577 725 2643 haeo
750 2582 886 2642 estune
910 2578 1031 2643 veritos
1058 2600 1157 2663 quum
1185 2578 1275 2642 Deus

242 2680 389 2764 cognoscit
403 2679 440 2745 in
455 2685 617 2765 quantum
644 2684 694 2745 cst
720 2679 888 2766 complexo
902 2680 1031 2745 veritos.
1078 2679 1133 2745 Sic
1148 2679 1219 2744 dico
1234 2679 1275 2742 do

240 2798 334 2860 vacuo,
351 2783 441 2867 quod
464 2781 667 2868 incomplexe
691 2780 782 2848 Deus
796 2782 889 2848 videt
913 2781 1023 2848 omnis
1038 2802 1106 2846 esso
1120 2779 1156 2843 in
1171 2801 1274 2844 vocuo

238 2879 365 2962 infinito,
405 2883 484 2970 quio
520 2883 765 2970 comprehendit
806 2883 868 2950 hoo
913 2905 955 2948 ex
992 2883 1043 2947 sui
1085 2881 1272 2946 intellectus

236 2981 468 3065 immensitate3
491 2991 525 3051 et
541 2986 651 3052 omnia
677 3007 744 3051 esse
765 2985 801 3050 in
821 3008 925 3051 vacuo
949 2990 999 3050 est
1025 3004 1166 3070 prcesens
1193 2983 1272 3060 Deo,

234 3086 345 3154 scilicet
375 3089 549 3174 cognitive.
600 3089 666 3153 Sed
697 3110 737 3153 ex
768 3088 833 3153 isto
864 3088 955 3151 nullo
993 3086 1090 3151 modo
1128 3085 1275 3171 sequitur

232 3186 360 3275 [sicut]²
392 3192 480 3275 quod
514 3190 680 3256 concludit
707 3190 865 3276 Magister
898 3213 997 3268 meus,
1029 3188 1151 3254 scilicet
1188 3188 1275 3273 quod

231 3293 329 3356 omnis
367 3315 418 3357 res
456 3299 505 3358 est
543 3315 683 3379 praesens
713 3292 749 3356 in
779 3314 883 3357 vacuo
920 3291 1073 3373 infinit03
1110 3312 1188 3381 neo⁸
1205 3289 1274 3375 ejus

229 3394 354 3480 sequela
377 3395 543 3480 probatur.

269 3496 324 3561 Sic
346 3501 459 3562 tamen
481 3519 581 3584 urguo
601 3519 659 3583 per
681 3496 767 3562 idem
791 3503 904 3562 contra
926 3496 1122 3584 Magistmm
1140 3517 1272 3575 meum3

226 3603 258 3662 et
287 3620 400 3683 qucero
431 3600 459 3664 si
489 3600 533 3664 sit
562 3600 714 3685 possibile
744 3622 886 3664 vacuum
916 3599 1084 3664 infinitum
1114 3621 1189 3672 osse,
1221 3598 1274 3661 vol

225 3722 296 3766 non
343 3701 380 3766 Si
404 3701 458 3778 sic,
476 3723 550 3789 ergo
573 3702 684 3768 omnic
705 3708 841 3788 possunt
864 3724 931 3767 esse
954 3703 989 3766 in
1007 3723 1110 3766 vacuo
1133 3700 1271 3776 infinito,

223 3811 257 3868 et
277 3826 336 3889 por
361 3825 559 3889 consequens
582 3804 692 3869 omnia
712 3826 780 3868 esse
802 3804 838 3868 in
853 3826 955 3869 vacuo
978 3804 1109 3868 infinito
1130 3810 1180 3868 est
1203 3825 1275 3888 pos·

223 3907 323 3971 sibile.
371 3906 456 3972 Cum
493 3908 595 3993 igitur
625 3928 720 3972 omne
757 3907 909 3993 possibile
939 3906 983 3972 sit
1014 3928 1154 3992 praesens
1192 3905 1271 3981 Dec,

224 4009 371 4094 soluitur
398 4009 485 4094 quod
515 4009 625 4074 omnia
651 4030 718 4073 esse
742 4008 777 4072 in
807 4030 910 4073 vocuo
946 4008 1076 4072 infinito
1110 4014 1160 4071 est
1192 4029 1273 4092 pnoe-

223 4132 294 4175 sens
322 4110 403 4187 Deo,
429 4119 463 4175 et
489 4133 547 4197 per
573 4132 770 4195 consequens
796 4111 901 4175 omnis
927 4132 977 4174 res
1004 4115 1053 4175 est
1077 4131 1218 4195 pnaesems
1238 4109 1274 4172 in

224 4233 325 4279 vacuo
345 4213 484 4279 infinito.
531 4213 584 4278 Sic
607 4212 694 4278 enim
717 4213 826 4299 arguit
851 4211 1009 4299 Magister
1028 4234 1120 4277 meus
1144 4212 1180 4276 in
1195 4215 1273 4276 toto.

224 4415 383 4425 ——...
893 4415 953 4422 ..—...
983 4417 1010 4421 -
1043 4416 1072 4420 ...
1120 4415 1123 4418 .

256 4538 263 4570 ¹
276 4542 325 4590 sice
336 4538 476 4607 complexo]
495 4540 607 4605 supplied
621 4555 653 4590 on
666 4554 725 4589 con=
805 4535 900 4603 lilioso]
915 4536 1026 4602 Perhaps
1038 4535 1160 4586 svsrious
1172 4532 1275 4596 reading

220 4616 322 4680 jecinore.
358 4621 495 4684 Perhapsa
510 4621 591 4673 whole
606 4621 688 4672 clause
705 4619 726 4670 is
772 4618 812 4668 sor
827 4617 896 4681 qual,
913 4618 996 4668 which
1013 4617 1057 4667 lus
1075 4616 1153 4665 found
1170 4615 1201 4664 its
1217 4626 1274 4675 way

224 4699 342 4765 wmting.
774 4698 952 4749 intothotext.
