3008 5490
396 705 440 769 98
706 714 888 767 rsscrcuu
910 716 1135 766 animosum

441 906 494 969 Ne
516 911 628 970 tamen
650 927 708 991 per
733 905 796 969 hoc
821 904 980 969 declinem
1009 905 1052 968 ab
1074 908 1278 990 argumento,
1310 907 1448 972 concedo

393 1029 453 1093 pro
476 1007 656 1071 intentione
673 1006 825 1092 Magistri
846 1007 912 1071 mei
936 1006 1025 1091 quod
1044 1006 1150 1071 omnis
1169 1005 1293 1071 veritas
1310 1005 1448 1072 affirma-

394 1109 465 1173 tiva
487 1109 527 1172 de
548 1108 714 1194 praeterito
734 1108 777 1172 ad
799 1129 908 1192 quam,
930 1108 999 1172 sive
1019 1108 1063 1172 ad
1085 1107 1177 1192 cujus
1191 1107 1448 1175 verificaticnem

394 1232 461 1275 non
482 1212 662 1296 requiritur
684 1210 780 1274 ahter
802 1229 871 1275 esse
892 1209 948 1275 vel
969 1209 1039 1274 fore
1062 1231 1162 1295 quam
1183 1211 1277 1296 prius
1299 1211 1374 1289 fuit,
1398 1217 1449 1278 est

394 1314 581 1378 necessaria
953 1360 956 1365 «

438 1416 484 1479 Et
513 1421 593 1480 tunc
618 1414 757 1479 ulterius
785 1435 846 1499 pro
874 1413 1013 1477 materia
1042 1413 1237 1499 argumenti,
1265 1414 1341 1478 dico
1361 1415 1449 1500 quod

393 1517 527 1582 assertio
557 1517 697 1582 includit
726 1516 813 1594 duo;
844 1514 967 1579 scilicet
995 1521 1107 1578 sctum
1135 1514 1325 1600 proferendi
1359 1522 1449 1582 exte-

392 1619 520 1698 riorem,
554 1620 604 1706 [et
634 1639 808 1684 consensus
836 1616 879 1680 ad
910 1615 1139 1702 prolatum].”¹
1184 1616 1266 1681 Ideo
1296 1619 1449 1703 quamvis

394 1719 543 1787 Christus
569 1721 672 1806 possit
694 1720 813 1784 falsum
839 1718 989 1804 proferre,
1010 1739 1079 1782 non
1104 1722 1217 1783 tamen
1239 1723 1351 1803 potest
1374 1741 1448 1784 con-

392 1824 513 1887 sentire
546 1823 644 1886 alicui
683 1821 858 1905 complexo,
889 1819 955 1884 nisi
984 1840 1086 1898 vero;
1120 1823 1155 1883 et
1183 1819 1258 1883 ideo
1288 1821 1448 1906 sequitur,

393 1923 543 1987 Christus
581 1921 719 1986 asseruit
748 1942 772 1986 o
801 1921 896 1999 fore;
928 1941 1005 2007 ergo
1034 1941 1058 1985 c
1088 1919 1160 1997 sust,
1192 1925 1250 1998 est,
1282 1921 1339 1985 vel
1375 1921 1449 1987 erit

393 2024 490 2087 Unde
506 2024 584 2109 quia
598 2023 759 2089 verificari
782 2043 849 2085 non
873 2027 982 2107 potest
996 2021 1086 2106 quod
1101 2021 1253 2087 Christus
1269 2024 1411 2088 assensit
1425 2047 1450 2090 a

389 2124 465 2202 fore,
497 2125 562 2188 nisi
587 2145 611 2188 c
635 2125 679 2188 sit
703 2122 757 2186 vel
781 2123 903 2200 fuerit3
938 2123 1012 2188 ideo
1042 2123 1070 2187 si
1100 2144 1123 2187 c
1153 2145 1229 2199 esse,
1254 2123 1365 2200 tuisse,
1391 2127 1449 2191 vel

388 2226 465 2302 fore,
494 2226 537 2289 sit
563 2225 776 2310 contingens3
799 2224 949 2308 sequitur
976 2225 1065 2309 quod
1092 2224 1260 2290 Christum
1291 2227 1338 2290 sic
1362 2249 1449 2292 asse-

389 2327 491 2391 ruisse
515 2348 582 2391 non
607 2332 657 2392 est
679 2325 904 2391 necessarium.
950 2326 1021 2391 Nec
1050 2332 1163 2390 movet
1192 2326 1375 2392 similitudo
1406 2329 1448 2394 de

388 2433 466 2492 actu
491 2429 626 2493 alterius
656 2428 805 2505 hominis,
834 2428 912 2511 quia
942 2427 1082 2491 aliorum
1111 2428 1277 2492 hominem
1308 2431 1448 2495 assertio

388 2530 429 2594 fit
449 2532 642 2616 plerumque
663 2531 703 2594 de
727 2530 825 2594 rebus
849 2529 989 2605 creditis,
1009 2534 1043 2594 et
1065 2529 1135 2594 sine
1160 2529 1329 2594 evidentia
1348 2531 1446 2595 infal-

387 2632 473 2697 libili
503 2655 545 2697 ex
573 2637 667 2717 parte
705 2631 947 2717 cognoscentis3
980 2635 1014 2694 et
1044 2631 1118 2695 ideo
1147 2636 1217 2694 tam
1246 2632 1444 2715 probationi,

388 2758 487 2820 quam
503 2735 680 2811 consensui,
696 2739 804 2819 potest
819 2734 948 2797 subesse
971 2732 1096 2796 falsum
1144 2732 1181 2796 Si
1196 2737 1308 2796 tamen
1324 2734 1446 2818 aliquis

387 2858 446 2921 per
472 2838 711 2911 revelationem,
727 2836 781 2899 vel
804 2835 1059 2898 demonstrative
1086 2833 1284 2898 certificatus
1308 2835 1349 2899 de
1376 2857 1446 2900 una

387 2939 589 3003 conclusione
628 2938 759 3001 finitiva
796 2959 868 3001 eam
908 2939 1072 3010 assereret,
1112 2940 1191 2997 tunc
1229 2935 1330 2999 etiam
1369 2944 1445 3021 post

388 3039 515 3124 lapsum
541 3041 635 3113 illius,
654 3045 688 3103 et
710 3045 786 3102 ante
811 3039 989 3100 adventum
1013 3037 1060 3099 rei
1084 3037 1274 3121 significatae
1298 3060 1374 3100 eum
1397 3038 1445 3103 sic

388 3143 560 3204 asseruisse
598 3142 683 3204 foret
720 3141 916 3223 contingens.
967 3138 1012 3200 Et
1041 3137 1120 3222 quia
1150 3140 1285 3201 assertio
1318 3139 1443 3203 Christi

388 3241 527 3302 includit
557 3241 625 3302 hirc
656 3241 789 3314 omnia„
805 3241 878 3301 ideo
908 3243 1054 3323 respectu
1085 3240 1305 3324 cujuscunque
1336 3241 1444 3304 futuri

388 3340 606 3422 contingentis
632 3340 670 3400 de
696 3360 760 3421 quo
787 3339 852 3400 fuit
876 3341 1009 3403 assertio
1026 3340 1157 3415 Christi,
1176 3342 1368 3426 contingens
1392 3349 1444 3407 est

388 3462 463 3503 eum
487 3439 549 3501 hoc
574 3439 767 3516 asseruisse3
791 3444 825 3502 et
852 3442 897 3503 sic
920 3443 1003 3504 ratio
1029 3442 1166 3505 ulterius
1192 3464 1258 3504 non
1285 3445 1441 3526 procedit,

389 3541 519 3627 quando
543 3540 696 3624 supponit
716 3562 845 3604 ornnem
869 3549 978 3604 actum
996 3543 1118 3606 Christi
1139 3545 1318 3607 necessario
1334 3545 1442 3610 fuisse.

436 3644 542 3706 Probo
575 3647 686 3704 tamen
718 3644 805 3725 quod
837 3643 906 3706 haec
932 3645 1016 3706 ratio
1049 3667 1140 3727 aeque
1175 3645 1297 3707 militat
1328 3653 1443 3710 contra

392 3747 588 3831 Magistrum
610 3767 727 3818 meum,
754 3745 838 3807 siout
865 3753 977 3809 contra
1003 3768 1227 3830 quemcunque
1259 3748 1362 3810 aliurn
1386 3750 1442 3813 ad·

321 3891 327 3902 ·
390 3870 493 3911 versae
523 3847 689 3931 opinionis
752 3847 838 3909 Nam
870 3847 975 3930 primo
1012 3848 1113 3910 habet
1144 3849 1318 3912 admittere
1350 3849 1442 3913 illam

390 3950 651 4034 suppositionem,
668 3970 765 4032 quam
782 3948 862 4011 dicit
885 3971 951 4011 esse
975 3949 1037 4011 sibi
1061 3950 1301 4033 impossibilem,
1319 3952 1443 4015 scilicet

390 4052 477 4135 quod
505 4074 599 4114 omne
626 4051 782 4134 complete
805 4052 1016 4134 prseteritum,
1035 4051 1127 4134 cujus
1150 4053 1272 4114 veritas
1296 4075 1362 4115 non
1387 4053 1442 4118 de·

388 4153 509 4237 pendet
540 4153 703 4228 afuturo,
731 4153 909 4214 necessario
936 4152 1020 4229 fuit3
1048 4153 1093 4215 sic
1117 4154 1204 4237 quod
1234 4176 1300 4217 non
1332 4160 1442 4239 potest

388 4277 455 4318 csse
479 4255 560 4338 quin
582 4254 652 4316 fuit.
701 4254 795 4331 Quod
819 4254 864 4315 sic
890 4254 1060 4336 arguitur.2

416 4535 423 4566 ¹
435 4528 622 4595 et-prolutum]
637 4539 680 4578 not
692 4530 718 4576 in
730 4528 785 4577 Ms.
810 4528 903 4576 Words
971 4531 1115 4595 2ανριιίίιιν]
1136 4532 1224 4595 arguit,
1238 4532 1293 4582 MS.

310 4668 312 4671 ,
387 4611 552 4662 tothiseffect
561 4616 626 4657 must
635 4607 768 4671 plainlybe
781 4607 901 4670 supplied
