3008 5490
245 712 312 776 288
558 726 739 779 aiscrcum
762 714 990 782 zrzsuionmr.

606 902 744 969 Fratres
765 901 929 970 Minores.

288 1002 480 1088 Radulphus
495 1003 631 1088 Wycha

287 1141 452 1206 Numerus
489 1141 741 1208 baccaloriorum
794 1143 978 1229 theologice,
1024 1164 1098 1208 cum
1138 1142 1252 1230 episcopo

242 1243 470 1324 Herfordense,
487 1249 568 1309 octo.

470 1557 626 1625 Nomina
654 1557 922 1626 &cananum
943 1558 1065 1646 lemma

286 1704 426 1769 Thomas
454 1704 615 1784 Brandon‚
640 1710 674 1769 et
694 1704 803 1769 Adam
822 1704 976 1771 Matrum.

641 1827 788 1894 Numero
808 1829 881 1895 duo.

72 2061 154 2112 These
285 2046 334 2110 Hi
365 2069 485 2124 omnes,
517 2070 592 2112 cum
622 2048 694 2112 aliis
724 2048 881 2133 pluribus,
914 2054 1009 2114 erant
1038 2049 1273 2138 congregatiin

71 2127 220 2243 {fflfflsshe
239 2149 345 2232 pn'ma
382 2150 612 2213 convocatione
642 2148 729 2214 facta
766 2170 825 2234 pro
855 2151 1127 2217 condemnatione
1156 2152 1276 2238 praedic·

71 2260 210 2373 fficium.
239 2253 349 2313 tarum
370 2249 619 2324 conclusionum,
631 2272 718 2314 anno
739 2250 872 2314 Domini
894 2268 1120 2329 Mcchxxxn,
1137 2252 1276 2318 vicesimo

74 2330 186 2440 „ff
239 2350 344 2435 primo
367 2350 420 2414 die
443 2351 561 2415 mensis
585 2351 674 2429 Maii,
692 2351 728 2414 in
749 2353 845 2416 domo
868 2352 1008 2417 fratrum
1032 2353 1277 2420 Praedicstorum

241 2451 425 2518 Londoniis.

543 2872 708 2936 Saeuum
731 2870 984 2936 Oouoaucnrro.

73 3090 208 3139 Atthese-
286 3073 327 3135 ln
351 3073 492 3137 secunda
514 3095 592 3136 vero
616 3073 845 3135 convocatione
868 3073 954 3135 sacta
981 3094 1038 3156 pro
1065 3073 1187 3135 eisdem
1214 3092 1283 3135 con·

69 3157 198 3283 ffiffl}
239 3173 437 3237 clusionibus
471 3174 691 3259 reprobandis,
724 3174 837 3236 codem
875 3196 960 3236 anno
999 3179 1032 3236 et
1069 3174 1138 3237 loco
1170 3173 1283 3257 quibus

69 3286 203 3334 additional
237 3275 334 3359 prius,
364 3276 400 3337 iu
427 3276 479 3337 dic
504 3283 619 3339 octava
645 3275 785 3359 corporis
811 3275 942 3349 Christi,
967 3274 1054 3337 ultra
1079 3275 1207 3337 eosdem
1231 3272 1282 3357 qui

68 3354 201 3480 fflbgss}
237 3376 327 3458 prius
348 3375 478 3437 fucrant
499 3376 533 3437 iu
550 3377 655 3459 prima
671 3376 917 3459 congregnitiono
939 3381 1031 3437 crant
1051 3375 1086 3436 hi
1103 3382 1281 3459 pnesentcs

67 3490 128 3529 sent.
239 3482 272 3537 et
312 3476 346 3536 in
379 3477 555 3538 earundem
594 3476 835 3539 conclusionum
875 3477 1118 3539 damnationem
1156 3498 1282 3540 conscu-

68 3547 136 3597 ΜΕ
152 3553 189 3598 ¹²·
236 3576 365 3656 tientes,
391 3598 529 3660 quorum
555 3578 687 3642 nomina
710 3577 964 3641 subscribuntur.

366 3894 522 3961 Nomina
547 3897 722 3962 doctorum
746 3894 914 3979 dicoloyicc
937 3892 1155 3960 seccrloriam.

278 4043 441 4108 Robcitus
465 4045 577 4130 Rigge,
602 4043 810 4108 cancellarius
835 4043 979 4106 Oxoniac.

276 4146 299 4208 J
301 4146 443 4209 ohannes
465 4146 671 4229 Laundreyn,
689 4152 722 4208 et
738 4144 877 4207 Thomas
902 4143 1113 4229 Brygthwcli
1133 4142 1276 4207 Oxoniae.

277 4247 454 4311 Monachus
478 4248 570 4332 niger
593 4248 633 4310 de
656 4252 767 4310 salicto
792 4243 941 4309 Albano.¹

396 4630 402 4660 ¹
416 4630 523 4695 Albruro]
538 4630 586 4693 Bp.
596 4629 656 4680 Balc
668 4630 713 4681 hus
725 4631 831 4681 inserted
844 4634 859 4659 ‘⁸
870 4631 964 4695 Synron
978 4630 1123 4694 Sutbrayc.''
