3158 5490
318 695 383 758 330
640 702 818 756 rasercuar
847 700 1074 756 amaracum

316 891 436 957 mensis
459 890 563 971 Junii,
595 914 681 957 anno
710 893 825 980 gratiae
855 908 1082 969 mcceaxxxn,
1115 892 1152 957 in
1185 893 1287 957 domo
1314 893 1375 958 sra-

315 1000 404 1058 trum
435 994 688 1059 Praedicatorum
720 994 904 1072 Londoniis,
936 994 1040 1060 dicere
1066 994 1148 1079 quid
1181 996 1310 1061 sentivi
1341 996 1375 1061 in

316 1095 455 1160 materia
477 1095 517 1159 de
540 1102 741 1162 sacramento
764 1097 898 1161 altsrris:

150 1216 305 1268 lauressa
363 1196 535 1262 Confessus
555 1220 636 1273 sum,
664 1204 699 1263 et
722 1197 829 1262 adhuc
852 1199 1017 1276 confiteor,
1042 1198 1132 1283 quod
1156 1199 1256 1283 panis
1277 1220 1373 1285 quern

150 1283 271 1413 Ἓξ·
317 1303 409 1364 tenet
435 1299 582 1363 sacerdos
607 1299 643 1362 in
664 1300 816 1363 manibus
837 1299 913 1376 suis,
937 1299 978 1365 fit
998 1299 1051 1363 vel
1077 1298 1232 1378 efficitur,
1249 1300 1374 1367 virtute

150 1415 306 1465 senecinthe
318 1401 491 1466 verborum
511 1401 804 1477 sacramentalium,
828 1422 905 1465 vere
923 1405 958 1465 et
978 1401 1118 1478 realiter,
1143 1401 1237 1466 idem
1259 1424 1373 1489 eorpm

150 1480 281 1591 ‘ww
319 1502 443 1568 Christi
454 1524 598 1577 numero,
615 1503 704 1587 quod
718 1501 784 1567 suit
798 1506 966 1586 sumptum
981 1507 1016 1567 et
1030 1508 1149 1566 natum
1165 1502 1209 1567 de
1225 1502 1372 1589 Virgine,

317 1626 448 1690 passum
478 1609 513 1669 et
543 1610 709 1668 mortuum
732 1604 769 1667 in
798 1624 899 1679 oruoe,
926 1608 962 1667 et
990 1602 1102 1668 triduo
1127 1602 1242 1688 jacuit
1264 1603 1302 1668 in
1326 1626 1374 1669 se·

317 1706 451 1792 pulchro
463 1729 471 1783 ;
494 1711 529 1771 et
552 1706 651 1770 tertia
677 1704 730 1769 die
754 1704 932 1769 resurrexit
955 1726 975 1769 a
999 1703 1146 1779 mortuis,
1169 1710 1205 1769 et
1226 1704 1374 1771 aseendit

317 1807 353 1872 in
380 1807 506 1884 coelum,
523 1812 557 1871 et
572 1807 664 1873 sedet
687 1828 707 1869 a
728 1806 853 1871 dextris
880 1805 952 1884 Dei,
969 1810 1003 1870 ot
1022 1804 1058 1869 in
1078 1804 1132 1869 die
1147 1804 1273 1891 judicii
1296 1826 1373 1872 ven·

318 1913 431 1972 turum
453 1913 503 1972 est
520 1908 667 1992 judicare
690 1907 783 1971 m'vos
806 1913 841 1972 et
863 1913 1016 1971 mortuos

150 2022 280 2087 weepng
366 2008 504 2095 Insuper
525 2010 619 2073 oredo
652 2008 847 2095 generalitor
879 2008 914 2072 in
945 2008 1009 2073 ista
1043 2007 1184 2072 materia
1214 2008 1372 2095 quioquid

151 2089 300 2204 {flgflfiffls
320 2110 518 2177 determinat
542 2110 711 2197 Scriptura
732 2132 822 2175 sama
848 2110 883 2174 in
911 2109 1028 2186 verbis,
1055 2115 1091 2174 et
1116 2110 1153 2173 in
1180 2130 1290 2187 sensu,
1315 2118 1373 2179 aut

152 2170 294 2296 meaffiho·
321 2211 517 2276 determinat
541 2212 674 2277 ecclesia
697 2217 809 2276 sancta
834 2211 906 2276 Dei

150 2285 282 2415 ξζζῑζξω
365 2311 542 2399 Propterea
564 2314 741 2398 requisitus
765 2313 948 2399 specialiter
971 2313 1075 2378 dicere
1101 2313 1185 2397 quid
1215 2314 1372 2381 senserim

152 2417 291 2468 ⁸⁰⁶⁶«st
320 2415 361 2481 de
386 2413 444 2479 illa
464 2415 692 2501 propositione,
715 2415 813 2479 Panis
833 2414 1011 2479 materialis
1033 2418 1183 2480 remanet
1205 2414 1244 2480 in
1270 2438 1372 2483 sam

152 2482 254 2535 durch.
318 2522 431 2582 mento
472 2517 585 2583 altaris
622 2524 698 2602 post
738 2516 1017 2591 consecrationem,
1058 2520 1263 2601 protestatus
1301 2540 1371 2585 sum

320 2620 406 2705 quod
438 2620 534 2683 istam
565 2619 819 2703 propositionem
850 2639 1017 2703 nunquam
1048 2617 1149 2702 posui,
1184 2619 1286 2685 docui
1319 2620 1369 2685 vel

222 2742 225 2748 ’
319 2721 502 2807 praedicavi.
549 2719 623 2785 Scio
661 2721 749 2783 enim
791 2720 880 2805 quod
920 2720 985 2783 ista
1023 2719 1171 2797 materia,
1203 2742 1264 2786 seu
1303 2721 1370 2807 ejus

320 2822 505 2907 speculatio,
548 2821 749 2886 transcendit
791 2821 995 2886 intellectum
1035 2842 1169 2901 meum3
1224 2829 1261 2888 et
1300 2824 1371 2889 ideo

320 2929 481 3008 quantum
512 2923 552 2987 de
590 2923 647 2986 illa
683 2923 851 3009 Scriptura
881 2944 972 2988 sacra
1001 2923 1095 2987 docet
1120 2943 1276 3009 expresse
1305 2946 1371 2992 ere·

320 3024 463 3089 <lendum
485 3046 561 3102 esse,
586 3025 687 3089 credo.

365 3125 417 3191 De
447 3125 503 3190 illa
540 3147 619 3189 vero
654 3125 801 3203 materia,
833 3147 889 3190 seu
927 3125 1075 3211 quaiibet
1110 3125 1177 3190 alia
1212 3131 1369 3215 tangente

320 3227 418 3291 fidem
455 3226 656 3303 catholicam,
697 3248 763 3291 non
802 3248 954 3313 expressa
989 3227 1025 3290 in
1062 3225 1236 3313 Scriptura
1272 3252 1368 3305 saera

320 3328 414 3392 credo
440 3327 525 3391 sicut
545 3333 657 3393 sancta
683 3333 788 3392 mater
812 3328 943 3393 ecclesia
965 3328 1075 3392 credit.

366 3429 410 3492 Et
448 3451 544 3514 super
581 3429 632 3491 his
663 3451 741 3515 rogo
771 3451 882 3493 omnes
912 3436 946 3494 et
976 3428 1121 3514 singnrlos
1159 3431 1370 3509 christicolas,

320 3528 363 3593 ad
401 3552 482 3615 quos
518 3531 606 3594 dicta
640 3552 713 3594 mea
747 3531 904 3595 confessio
945 3531 1139 3616 pervenerit,
1179 3532 1260 3598 inde
1291 3534 1368 3599 mihi

319 3631 489 3717 perhibere
520 3631 753 3706 testimonium,
786 3653 893 3696 coram
923 3654 1049 3697 summo
1075 3631 1189 3715 judice
1215 3634 1349 3702 Christo
1361 3659 1369 3713 ;

321 3738 355 3797 et
381 3755 472 3797 orare
498 3754 556 3817 pro
580 3754 633 3796 me
658 3733 784 3798 intuitu
811 3733 964 3798 caritatis.

370 4036 460 4115 Hoec,
488 4036 604 4120 inquit,
638 4042 689 4099 est
717 4036 873 4100 consessio
896 4036 1045 4121 pauperis
1079 4035 1283 4116 incarcerati,
1317 4062 1369 4127 ge-

320 4139 439 4202 mentis
462 4142 594 4223 peccata
616 4159 682 4212 sua,
707 4143 741 4202 et
762 4137 918 4223 populum
943 4137 1148 4202 obcaeeatmn.
