3158 5490
259 712 325 777 322
570 722 749 773 nnsorouu
770 717 995 770 ammonuit

306 908 523 974 concedimus
549 907 637 994 quod
662 914 714 974 est
740 928 836 984 error,
864 903 1083 990 intelligendo
1110 903 1156 969 de
1182 902 1309 969 edentis

260 1009 520 1096 experimentali,
558 1014 599 1075 ut
636 1008 681 1075 sic
718 1030 792 1074 cum
829 1005 910 1072 illo¹
957 1004 1109 1072 salvetur
1148 1006 1309 1073 decretum

259 1111 407 1188 ecclesiae,
432 1110 492 1188 11.‚⁹
507 1132 559 1195 qu
576 1113 606 1190 3,
622 1109 730 1177 Nemo
753 1108 997 1197 episcoporum.

748 1376 831 1445 XII.

308 1515 404 1597 Quod
433 1516 479 1582 sic
508 1516 799 1594 excommunicans,
826 1536 869 1579 ex
898 1513 959 1579 hoc
987 1510 1033 1578 sit
1063 1511 1242 1579 hereticus
1261 1507 1309 1579 vel

263 1619 568 1696 excommunicatus,
592 1619 635 1683 ad
658 1640 789 1683 sensum
813 1616 1010 1683 conformem
1032 1614 1140 1701 priori
1164 1615 1276 1681 sensui

309 1720 524 1786 Concedimus
547 1720 636 1806 quod
658 1726 708 1785 est
726 1741 822 1786 error.

751 1987 855 2057 XIII.

308 2123 404 2205 Quod
430 2124 584 2211 praelatus
615 2125 897 2191 excommunicans
926 2122 1090 2204 clericum,
1121 2124 1183 2212 qui
1208 2122 1310 2212 appel·

263 2225 347 2291 lavit
377 2227 419 2291 ad
449 2250 558 2312 regem
590 2234 623 2292 ct
653 2229 824 2294 concilium
858 2226 959 2312 regni,
993 2247 1033 2290 eo
1062 2226 1137 2311 ipso
1177 2228 1311 2293 traditor

262 2329 326 2392 Dei
348 2334 406 2404 est,
430 2329 523 2414 regie,
548 2335 582 2394 et
604 2330 706 2416 regni.

308 2429 523 2495 Concedirnus
546 2432 634 2516 quod
656 2437 707 2495 est
726 2452 825 2496 error.

737 2701 829 2767 XIV.

308 2835 404 2917 Quod
453 2838 501 2902 illi
539 2837 597 2924 qui
642 2837 818 2920 dimittunt
864 2836 1041 2922 praedicare
1090 2857 1153 2901 seu
1202 2836 1308 2903 audire

260 2938 397 3003 verbum
427 2939 499 3015 Dei,
532 2940 584 3004 vel
615 2940 822 3025 evangelium
851 2939 1073 3024 praedicatum,
1098 2944 1237 3024 propter
1260 2960 1309 3004 ex·

261 3041 585 3105 communicationem
607 3041 784 3117 hominum,
809 3046 886 3105 sunt
910 3041 1196 3119 excommunicati,
1224 3047 1259 3106 et
1279 3041 1308 3103 in

261 3141 314 3206 die
336 3142 455 3226 judicii
481 3143 656 3207 traditores
681 3142 745 3206 Dei
768 3142 984 3207 habebuntur.

306 3242 525 3328 Intelligendo
547 3244 784 3308 conclusionem
807 3243 1042 3319 universaliter,
1073 3248 1115 3308 ut
1146 3242 1309 3330 Scriptura

260 3350 294 3407 et
320 3343 398 3427 jum
429 3346 621 3430 intelligunt
643 3345 830 3430 hujusmodi
865 3344 1074 3410 indefinitas:
1107 3347 1309 3411 concedimus

259 3445 347 3528 quod
370 3452 419 3509 est
443 3469 540 3513 error.

760 3712 832 3779 XV.

308 3853 461 3916 Asserere
488 3851 576 3937 quod
601 3853 697 3920 licent
723 3858 830 3936 alicui,
855 3855 954 3921 etiarn
981 3853 1118 3925 diacono
1145 3860 1201 3927 vel
1227 3877 1308 3948 pres-

259 3955 382 4039 bytero,
403 3954 577 4039 prredicnre
601 3958 737 4021 verbum
764 3959 827 4022 Dei
853 3959 976 4043 absquo
1001 3963 1203 4028 auctoritate
1225 3963 1307 4028 sedis

259 4054 453 4139 apostoliens,
493 4057 545 4120 vel
583 4059 721 4144 episcopi
768 4060 927 4135 catholici,
966 4084 1024 4124 seu
1062 4063 1129 4127 aliu
1166 4065 1208 4129 ‹le
1246 4086 1307 4149 qus

258 4155 456 4221 suffcienter
478 4164 611 4225 constet

304 4257 519 4324 Concedimus
541 4261 628 4344 quod
650 4266 700 4324 est
720 4283 815 4327 enon

838 4472 1289 4493 Ἣ

301 4606 374 4674 ¹i110]
388 4609 441 4671 isto,
453 4609 541 4671 wilk„
553 4611 644 4674 Spnlm.
767 4612 772 4677 Ι
841 4611 909 4676 ²11.]
923 4625 969 4672 x1.‚
981 4613 1012 4673 L,
1025 4613 1103 4665 Wilk.
1231 4646 1234 4653 ·
