3008 5490
534 720 715 772 alomenu
736 720 964 772 ammonui.
1233 712 1277 779 93

252 909 440 977 SThomam
476 916 513 977 et
541 932 655 977 omnee
683 918 834 977 tenentes
864 912 974 977 Deum
1003 913 1186 1000 intelligere
1216 915 1276 979 im-

250 1013 388 1099 posibilia
420 1036 521 1100 quam
550 1020 666 1079 eontra
694 1036 755 1079 me
810 1015 930 1080 Adhuc
959 1016 1047 1079 euim
1076 1038 1144 1080 non
1175 1016 1276 1082 habet
1390 1084 1393 1088 ,

249 1114 349 1181 Ductor
376 1136 417 1180 ex
447 1136 510 1193 me,
541 1114 633 1181 Deus
662 1116 821 1203 intelligit
842 1139 937 1183 omne
959 1118 1048 1203 quod
1077 1139 1145 1183 non
1168 1126 1277 1204 potest

249 1238 320 1296 eae,
345 1240 403 1283 nec
431 1217 494 1284 hoc
523 1219 649 1305 probat
696 1218 741 1284 Et
763 1225 874 1284 tamen
904 1241 1001 1305 super
1030 1219 1087 1285 illo
1117 1219 1277 1287 fundatur

248 1321 322 1403 quai
341 1326 448 1385 totum
471 1327 710 1407 argumentum.

280 1421 504 1487 Verumtamen
539 1444 582 1487 ne
616 1422 731 1487 videar
766 1422 873 1487 uitale
910 1423 1137 1489 difficultatem
1175 1447 1274 1511 quam

249 1520 383 1610 llagister
411 1523 564 1601 intendit,
588 1524 694 1589 dicam
717 1525 807 1610 quod
835 1525 941 1590 sentio
971 1526 1007 1589 in
1037 1525 1098 1591 hae
1128 1529 1273 1592 materia

250 1623 379 1712 Suppuno
415 1626 504 1691 enim
539 1626 629 1691 istud
666 1632 824 1712 tanquam
858 1649 918 1713 pro
947 1626 1162 1693 fimdamento
1191 1629 1276 1712 posi·

249 1727 326 1793 tionis
357 1750 437 1794 mete
473 1728 562 1813 quod
598 1728 708 1792 nullus
746 1728 931 1794 intellectus
962 1728 1095 1793 divinus
1124 1728 1179 1792 vel
1215 1729 1276 1792 hu·

249 1849 340 1895 naum
368 1831 473 1896 fertur
506 1831 542 1894 in
578 1830 711 1916 aliquod
746 1830 909 1913 objectum
941 1830 1006 1894 nisi
1039 1829 1191 1916 possibile
1223 1831 1276 1896 vel

249 1930 419 2017 inpossibile
449 1932 662 2018 complexum,
698 1938 733 1997 et
762 1932 836 1997 ideo
865 1932 974 1997 nullus
1012 1932 1171 1997 terminus
1211 1933 1275 2019 sig·

248 2032 336 2101 uifimt
364 2036 469 2101 solum
498 2035 700 2120 incomplexe
730 2034 863 2118 aliquod
892 2034 1090 2120 impossibile
1120 2034 1184 2099 nisi
1214 2035 1275 2099 im·

247 2137 373 2219 possibile
413 2137 625 2223 complexum.
689 2135 786 2200 Unde
825 2138 888 2201 iste
925 2138 1084 2201 terminus
1122 2137 1273 2202 chimaera

247 2256 297 2302 uon
319 2239 480 2326 siginfictt
516 2238 640 2323 aliquid
680 2237 889 2323 incomplexe,
928 2239 985 2303 sed
1022 2240 1152 2324 quando
1189 2262 1274 2305 eom·

246 2342 356 2423 pisitur
392 2341 469 2406 talis
507 2341 692 2426 propositio,
732 2339 884 2404 chimaera
925 2346 982 2418 est,
1023 2349 1275 2428 repneseutatur

244 2439 402 2509 intellectui
432 2443 499 2508 tale
528 2440 747 2528 significatum
781 2442 986 2528 impossibile,
1018 2445 1139 2509 animal
1169 2467 1273 2509 essen-

242 2543 345 2610 tialiter
378 2544 593 2631 compositum
631 2566 672 2608 ex
704 2544 836 2609 homine
866 2550 900 2609 et
929 2545 1013 2610 bove
1045 2553 1103 2622 est,
1136 2552 1170 2611 et
1200 2547 1273 2611 ideo

240 2649 512 2732 quomodocunque
526 2646 626 2711 fuen't
642 2646 682 2711 de
696 2646 937 2732 imaginatione,
954 2648 1069 2712 saltem
1090 2647 1273 2711 intellectus

238 2767 291 2814 nou
314 2751 402 2837 cupit
425 2749 558 2834 aliquod
583 2748 650 2813 tale
675 2747 903 2834 significatum,
931 2748 995 2811 nisi
1025 2748 1191 2833 complexe
1221 2749 1274 2813 vel

237 2853 438 2939 complexum.
495 2850 595 2915 Unde
625 2851 763 2915 concedo
793 2850 829 2914 in
866 2849 1031 2935 proposito
1061 2849 1149 2933 quod
1183 2850 1274 2914 Deus

234 2952 378 3040 iutelligit
405 2952 551 3017 infinitos
575 2953 651 3016 deos
681 2952 835 3037 pessimos
862 2973 938 3027 esse,
966 2950 1045 3035 quia
1074 2951 1273 3036 incomplexe

231 3054 375 3142 intelligit
391 3055 452 3119 hoe
478 3054 673 3140 impossibile
700 3054 912 3138 complexum,
942 3053 1091 3137 quamvis
1110 3054 1274 3137 complexe

229 3159 300 3223 sciat
316 3158 377 3221 hoc
402 3179 469 3221 cese
492 3155 696 3241 impossibile.
742 3155 836 3240 Nego
859 3163 970 3219 tamen
992 3155 1080 3239 quod
1102 3153 1205 3239 aliqui
1228 3155 1274 3218 dii

227 3260 351 3344 pessimi
382 3259 435 3322 vel
466 3258 543 3321 mali
571 3257 799 3342 intelliguntur
828 3280 848 3320 a
873 3257 951 3333 Deo,
984 3257 1061 3341 quia
1091 3256 1273 3341 subjectum

226 3360 318 3447 hujus
345 3359 581 3447 propositionis,
608 3358 697 3422 Deus
724 3358 828 3422 mulus
856 3365 912 3434 est,
940 3380 1006 3422 non
1029 3358 1127 3424 habet
1150 3360 1274 3445 signiti-

224 3472 330 3528 catum
361 3464 579 3546 adaequatum,
611 3462 669 3525 sed
698 3482 772 3524 cum
810 3459 939 3525 residuo
971 3460 1132 3546 significat
1165 3463 1273 3528 Deum

224 3587 288 3630 csse
303 3566 436 3629 malum.

266 3669 338 3731 Ista
353 3671 432 3730 sunt
447 3666 525 3730 satis
548 3671 627 3730 nota
650 3665 738 3749 apud
762 3664 889 3748 eosqui
909 3664 1068 3728 inculcare
1087 3665 1191 3728 solent
1206 3688 1273 3729 mo·

223 3770 338 3833 teriam
366 3768 522 3841 Anselmi,
549 3777 566 3806 “
578 3767 609 3829 N
613 3765 689 3829 ihil¹
716 3765 822 3849 majus
846 3766 916 3829 Deo
947 3766 1082 3851 cogitari
1113 3765 1273 3851 potest.’'²

224 3870 275 3934 Ex
305 3870 425 3956 quibus
456 3875 547 3955 patet
577 3868 665 3953 quod
695 3866 855 3932 conclusio
879 3867 1021 3932 adducta
1045 3889 1103 3952 pro
1132 3870 1273 3934 secunda

223 3981 313 4058 [uerte
341 3995 407 4037 non
433 3971 596 4057 probatur.

269 4074 438 4153 Quantum
454 4079 565 4138 tamen
581 4074 623 4137 ad
644 4072 782 4156 piimam
798 4071 867 4155 ejus
890 4077 1024 4156 partem,
1041 4093 1114 4135 culn
1134 4070 1274 4136 infertur

225 4197 265 4239 ex
295 4176 456 4260 positione
482 4174 574 4259 sequi
601 4174 687 4259 quod
714 4173 888 4257 cujuslibet
916 4172 1094 4237 Christiani
1117 4181 1273 4258 perpetuu

227 4277 391 4342 damnatio
420 4277 486 4341 fuit
524 4277 558 4340 iu
589 4274 762 4362 praesentia
792 4297 865 4339 mea
902 4274 937 4338 in
973 4274 1107 4354 infemo,
1143 4277 1273 4359 quamdo

227 4488 555 4498 —..—......-.......-.
576 4492 626 4496 -.„.
637 4490 867 4496 ......—...—.-

259 4648 265 4679 ¹
278 4647 350 4713 ailad]
370 4661 505 4714 nunquam,
517 4645 572 4696 MS.
737 4645 743 4712 Ι
806 4647 816 4675 ²
827 4645 940 4705 Auselm,
953 4643 1117 4707 Proalogium,
1129 4658 1182 4710 cap.
1195 4648 1218 4701 a,
1227 4650 1272 4692 etc.
