3158 5490
264 644 330 710 464
675 654 852 705 rrrnunrx
875 654 921 707 or

263 846 407 911 habeant
437 843 560 930 triplex
590 864 668 920 esse,
692 842 821 920 scilicet,
845 864 915 909 eme
947 842 1176 933 intelligibile
1198 846 1237 911 in
1258 844 1329 919 Dec.

262 969 330 1013 esse
345 945 497 1034 possibile
512 946 546 1009 in
564 947 678 1022 censis,
695 949 731 1011 et
745 967 814 1011 esse
829 945 970 1011 existere
985 946 1024 1012 in
1039 949 1185 1035 proprio
1198 969 1329 1036 genem

262 1050 351 1135 quod
373 1048 462 1134 cepit
483 1047 742 1112 subdivisionem
765 1047 989 1133 multiplicem.
1040 1049 1090 1115 Et
1106 1051 1158 1116 sic
1173 1070 1329 1117 conme-

262 1157 342 1217 runt
365 1151 453 1236 quod
478 1171 575 1215 omne
599 1151 688 1235 quod
710 1155 819 1236 potest
848 1171 925 1227 esse,
942 1155 993 1215 est
1004 1175 1015 1230 ;
1048 1155 1086 1216 et
1121 1154 1217 1239 quod
1244 1152 1326 1217 Deru

262 1253 366 1319 solum
394 1252 561 1339 possibilie
586 1256 696 1338 potest
720 1273 918 1339 cognoscere.
968 1251 1175 1320 Docuerunt
1199 1255 1326 1341 insuper

262 1378 321 1420 nos
347 1355 510 1440 quomodo
540 1374 771 1419 evacuaremus
797 1354 879 1419 tales
905 1354 1085 1420 instantius
1110 1356 1322 1444 sophisticus:

263 1457 369 1522 Omne
392 1457 480 1542 quod
510 1461 618 1541 potest
648 1477 724 1531 esse,
750 1461 827 1533 est;
849 1455 938 1521 filins
967 1477 1062 1521 meus
1092 1464 1210 1544 potest
1239 1478 1324 1537 ως

263 1582 340 1647 ergo
363 1560 451 1624 filius
476 1580 568 1623 meus
596 1555 708 1644 [est]:¹
735 1556 832 1637 Quod
862 1557 952 1622 Deus
981 1564 1094 1644 potest
1124 1582 1321 1649 cognoscere,

263 1663 450 1749 cognoscit;
474 1662 532 1726 sed
554 1664 663 1746 potest
685 1680 875 1746 cognoscere
898 1682 952 1725 me
976 1660 1151 1740 dnmmri;
1184 1685 1263 1751 ergo
1280 1664 1322 1728 sic

263 1765 432 1852 cognoscit.
491 1763 536 1828 Et
565 1763 610 1826 sic
641 1761 681 1827 de
711 1761 824 1828 multis
854 1783 896 1826 ex
922 1761 1043 1848 quibus
1074 1764 1176 1831 inscii
1206 1770 1321 1853 putent

264 1865 553 1932 contradictionem
580 1885 649 1929 esse
678 1885 791 1928 veram
817 1863 845 1927 si
875 1864 940 1929 iste
968 1866 1139 1931 sententie
1161 1868 1209 1932 sit
1238 1889 1319 1947 vers,

264 1975 303 2033 ut
340 1967 437 2053 tetigi
453 1967 489 2030 in
511 1965 650 2031 muteris
680 1966 720 2031 de
754 1964 887 2030 Notitic
925 1965 999 2044 Dei,
1030 1968 1131 2033 etde
1165 1968 1263 2045 Ideis,
1288 1976 1320 2035 et

264 2076 400 2156 tongam
429 2069 591 2157 poetelius
620 2069 657 2134 in
683 2068 821 2134 materia
846 2089 919 2135 mco
948 2068 1081 2157 proprie
1111 2070 1155 2137 de
1184 2070 1320 2139 Materia

265 2172 383 2237 Prima.

309 2274 433 2360 Arguit
454 2279 566 2339 temen
589 2273 714 2339 Doctor
736 2273 909 2360 tripliciter
930 2278 1046 2339 contro
1067 2274 1160 2341 illud

311 2382 342 2442 1.
368 2376 480 2441 Primo
506 2375 594 2462 quod
609 2376 765 2462 sequitur,
792 2376 882 2441 Deus
903 2377 1069 2464 cognoscit
1084 2377 1156 2455 hoc,
1180 2400 1261 2467 ergo
1274 2379 1319 2446 in·

264 2485 379 2547 tuetur
394 2480 461 2544 hoc.
508 2479 575 2544 Sed
595 2501 679 2566 nego
695 2478 983 2565 consequentiam
1006 2500 1082 2545 cum
1106 2481 1218 2547 solum
1241 2482 1319 2549 illud

265 2584 354 2669 quod
391 2582 507 2647 existit
537 2582 628 2647 Deus
658 2581 817 2658 intuetur,
854 2580 961 2646 multe
990 2586 1105 2648 eutem
1136 2590 1219 2650 sunt
1248 2607 1318 2673 quse

265 2708 332 2751 non
356 2686 511 2760 existunt,
538 2687 577 2749 ut
602 2683 792 2772 possibilio3
815 2683 926 2748 omnin
951 2688 1065 2749 tamen
1086 2687 1260 2771 praeterite
1287 2694 1319 2753 et

265 2787 378 2854 futura
401 2787 552 2851 existunt
576 2786 611 2850 in
637 2792 782 2872 tempore
798 2807 864 2851 suo.
912 2785 992 2850 Ideo
1017 2788 1201 2854 secundum
1229 2812 1319 2877 regu·

265 2890 331 2954 lum
363 2889 394 2954 S.
419 2888 567 2954 Thomeu⁹
598 2888 710 2953 omnio
731 2887 822 2965 talia,
853 2894 887 2953 et
909 2909 977 2952 non
1000 2890 1111 2953 omnis
1142 2892 1318 2976 possibilie,

266 2992 421 3056 intuetur.
470 2990 619 3056 Concedo
646 2996 758 3055 tomen
784 2990 871 3076 quod
900 2989 994 3054 tnm³
1020 2991 1168 3077 perfecte
1191 3000 1242 3059 est
1261 3017 1318 3059 suc

266 3093 404 3180 simplex
428 3093 649 3180 apprehensis,
678 3093 764 3158 sicut
791 3114 851 3157 suc
873 3092 1029 3158 intuitio:
1054 3115 1115 3158 nec
1129 3102 1243 3181 potest
1261 3119 1319 3161 sun

265 3195 479 3282 apprehensio
502 3197 624 3260 nrutcri
647 3195 681 3258 in
706 3195 925 3271 intuitionem,
949 3195 1004 3260 vel
1029 3217 1047 3260 e
1073 3204 1211 3263 contre:
1245 3198 1319 3264 licet

266 3299 356 3364 Deus
379 3298 485 3362 multu
508 3299 611 3384 possit
633 3297 755 3361 intueri
777 3319 850 3383 quse
873 3318 940 3361 non
956 3297 1117 3378 intuetur,
1132 3300 1193 3364 sed
1207 3322 1318 3387 appre-

264 3401 380 3465 hendit
409 3392 548 3486 simplici
583 3399 844 3488 apprehensione,
875 3404 915 3464 ut
944 3408 1112 3468 noverunt
1146 3405 1318 3471 exercitati

265 3504 299 3567 in
322 3505 387 3567 ista
409 3503 554 3570 materie.

310 3608 337 3669 2.
363 3605 512 3670 Secundo
538 3605 649 3691 arguit
670 3604 812 3669 Doctor:
854 3603 938 3669 Cum
960 3606 1119 3692 sequitur,
1147 3606 1240 3674 Deus
1269 3610 1319 3674 in·

264 3714 377 3772 tuetur
392 3730 422 3785 a,
447 3708 551 3793 igitur
571 3708 677 3792 ipsum
694 3711 765 3785 est;
787 3712 868 3771 tunc
887 3708 1074 3793 oppositum
1091 3712 1317 3797 consequentis

263 3815 424 3896 repugnat
454 3809 669 3874 antecedenti.
731 3808 797 3874 Sed
834 3830 908 3873 cum
939 3808 1066 3875 Doctor
1100 3811 1250 3897 loquitur
1278 3814 1317 3878 de

263 3913 502 3998 consequentis,
532 3933 606 3996 quae
630 3916 680 3975 est
704 3910 844 3996 signum,
872 3911 1006 3976 remitto
1034 3913 1191 3999 sophistis
1222 3916 1316 3981 dictae

263 4014 502 4098 consequentiae
523 4012 758 4098 probationem,
775 4013 952 4078 concedens
968 4015 1057 4098 quod
1073 4015 1155 4101 ipsis
1169 4017 1317 4084 formatis
1354 4058 1357 4063 -

263 4124 313 4180 est
327 4116 546 4202 repugnantia
560 4137 619 4201 pro
636 4136 829 4202 quocunque
850 4121 996 4201 tempore
1019 4115 1065 4182 sic
1080 4117 1224 4204 signent
1257 4122 1318 4185 As-

263 4219 364 4283 sumit
391 4241 466 4304 ergo
497 4217 621 4282 Doctor
650 4240 709 4303 pro
739 4217 859 4281 minori
885 4218 1072 4304 argumenti
1098 4221 1188 4304 quod
1212 4223 1318 4287 omnis

582 4368 754 4375 ——-.-..—
763 4368 796 4373 —.
804 4368 839 4375 ..-

297 4445 303 4474 ¹
315 4442 363 4507 est]
378 4458 426 4492 om.
438 4441 495 4492 MS.
841 4442 923 4509 ¹10u]
938 4450 989 4495 tam
1002 4458 1036 4491 no
1048 4443 1105 4495 MS.
1115 4445 1212 4511 (thus.)

295 4521 365 4571 'Th
376 4520 498 4588 Aquinas,
512 4521 623 4584 Summe,
635 4536 653 4571 1.
666 4537 706 4586 qn
721 4525 759 4577 1⁴.

262 4607 308 4653 ert
320 4606 344 4651 9.
