3158 5490
269 708 334 777 406
581 721 759 772 racemum
789 721 1014 772 zmlnrouuu

269 911 340 971 tum
376 906 490 970 altaris
520 906 556 970 in
585 906 738 992 paschate
749 904 769 986 3¹
809 911 844 972 et
870 904 940 992 qui³
970 905 1095 971 multas
1121 904 1209 971 alias
1240 904 1326 992 leges

268 1008 485 1073 condidenmt
513 1008 637 1075 ibidem
649 1032 657 1089 3
690 1007 818 1075 omnes³
847 1008 982 1074 fuerunt
1007 1008 1044 1072 in
1074 1007 1139 1074 hoc
1162 1006 1265 1073 stulti
1293 1012 1327 1073 et

267 1110 360 1186 fatui,
383 1109 530 1175 haeretici
551 1115 586 1177 et
607 1111 796 1198 blasphemi,
818 1132 856 1176 ac
877 1110 1065 1176 seductores
1085 1110 1204 1198 populi
1227 1109 1327 1176 chris-

266 1213 360 1277 tisui.
416 1212 524 1292 Quare
561 1212 635 1279 nec⁴
673 1216 723 1278 est
760 1212 957 1279 credendum
992 1212 1328 1279 determinationibus

267 1316 455 1380 eorumdem
473 1315 527 1380 vel
548 1336 768 1382 successorum
790 1336 931 1395 suorum,
948 1336 1009 1381 nec
1031 1319 1083 1381 est
1102 1315 1328 1381 obediendum

267 1437 378 1482 corum
401 1417 528 1503 legibus
558 1423 618 1483 aut
649 1419 785 1484 statutis
814 1418 878 1483 nisi
902 1418 1084 1483 fundentur
1106 1439 1266 1506 expresse
1293 1419 1328 1482 in

266 1541 358 1585 sacra
380 1519 558 1606 Scriptura,
583 1520 637 1586 vel
661 1519 849 1587 iuratione
873 1520 927 1587 cui
949 1541 1016 1585 non
1038 1520 1167 1607 poterit
1189 1519 1326 1587 obviari

266 1621 314 1687 Et
345 1621 424 1708 quia
454 1623 514 1688 hoc
542 1622 652 1688 deficit
673 1621 709 1687 in
732 1645 845 1689 eorum
868 1623 1014 1698 decretis,
1038 1628 1074 1689 et
1094 1622 1325 1702 decretalibus,

266 1729 301 1790 et
331 1725 404 1791 aliis
435 1725 527 1790 libris
554 1725 640 1810 jmis
671 1746 807 1806 eorum;
838 1725 912 1792 ideo
943 1724 1104 1790 deberent
1127 1746 1255 1804 omnes,
1286 1730 1326 1791 ut

265 1826 343 1891 libri
365 1826 600 1905 haereticorum,
625 1850 684 1914 pro
707 1827 775 1893 suis
798 1827 962 1894 erroribus
981 1824 1213 1894 concremari⁵

312 1929 438 1995 Contra
475 1952 573 2016 quam
605 1929 755 1996 heresim
785 1930 881 1996 credo
915 1935 949 1995 et
977 1929 1087 1996 fateor
1116 1930 1219 1996 istam
1255 1951 1322 1997 ease

266 2031 457 2097 catholicam
494 2032 678 2098 veritatem.
740 2032 838 2112 Quod
884 2052 996 2098 omncs
1042 2030 1171 2098 Christi
1213 2032 1325 2099 fideles

266 2131 387 2197 debent
409 2132 552 2198 fideliter
584 2134 713 2199 credere
736 2138 771 2198 ct
804 2133 974 2200 humiliter
1001 2130 1135 2199 obedire
1159 2133 1324 2220 praedieiis

266 2235 603 2315 determinationibus,
628 2241 662 2301 et
685 2236 983 2314 constitutionibus,
1011 2240 1046 2300 et
1069 2235 1146 2301 aliis
1161 2236 1324 2303 universis

266 2336 409 2421 ejusdem
437 2336 622 2405 Innocentii
646 2339 746 2419 tertii,
771 2360 845 2404 cum
874 2338 1032 2425 preadicto
1058 2337 1200 2404 concilio
1229 2360 1324 2427 gene·

265 2439 336 2516 reli,
364 2446 609 2527 ceterorumque
640 2460 857 2507 successonim
879 2462 1021 2519 suorum,
1047 2462 1107 2528 per
1132 2460 1325 2508 consensum

268 2542 426 2608 Romanae
450 2543 591 2610 ecclesiae
614 2566 688 2609 cum
711 2544 796 2609 clero
811 2543 916 2610 eidem
940 2541 1088 2628 subjecto
1104 2544 1325 2610 communiter

266 2645 474 2732 approbatis3
497 2652 532 2710 et
554 2646 653 2711 libros
676 2645 864 2732 hujusmodi
882 2645 968 2731 juris
991 2645 1147 2725 canonici,
1165 2651 1323 2734 tanquam

267 2748 515 2812 ecclesiasticam
554 2748 768 2833 disciplinam,
813 2770 851 2812 ac
898 2747 1080 2813 doctrinam
1129 2749 1321 2817 catholicam

242 2851 476 2930 continentes,
504 2850 541 2915 in
564 2872 707 2938 congrua
731 2850 917 2917 reverentia
943 2850 1157 2918 conscrrvare.⁶

95 3332 221 3421 Alltlesc
312 3341 356 3409 IN
379 3338 548 3409 omnibus⁷
570 3341 673 3430 igitur
696 3336 890 3429 supradictis
904 3340 1048 3407 articulis
1072 3338 1127 3407 hic
1141 3338 1185 3408 ad
1210 3344 1323 3409 sancta

95 3408 216 3542 iffi}
265 3445 328 3511 Dei
366 3444 534 3533 evangelia
559 3444 644 3530 jura,
676 3466 734 3531 per
763 3448 908 3510 sanctam
938 3442 1145 3523 Trinitatem,
1178 3442 1321 3522 Patrem,

96 3541 190 3604 ‘blm
263 3553 298 3614 et
321 3548 450 3626 Filium,
484 3552 519 3613 et
543 3547 701 3634 Spiritum
726 3546 892 3626 Sanctum,
922 3567 1025 3610 unum
1053 3545 1165 3611 Deum
1187 3544 1321 3613 vivum⁸

263 3655 297 3715 ct
326 3672 450 3729 verum,
478 3650 566 3736 quod
596 3672 657 3738 ego
681 3643 849 3715 lohannes
877 3647 1011 3735 Purvey
1034 3649 1215 3735 praedictus
1238 3650 1320 3715 hanc

262 3755 397 3820 eandem
427 3753 526 3820 fidem
557 3752 717 3819 veraciter
746 3746 859 3818 corde⁰
889 3751 984 3818 credo
1014 3773 1052 3816 ec
1085 3757 1193 3831 teneo,
1222 3772 1321 3839 quam
1359 3761 1364 3774 '

301 4098 307 4129 ¹
315 4095 450 4165 paschate]
461 4095 568 4164 pascatis
579 4106 691 4163 tempore
702 4095 766 4149 reci·
814 4095 846 4147 dcl
863 4095 978 4162 primam,
995 4102 1021 4147 et
1031 4092 1117 4146 cerri
1134 4094 1168 4146 (le
1186 4093 1237 4146 illis
1257 4093 1321 4146 rictu

261 4187 328 4242 perc,
339 4178 368 4227 F.
812 4189 895 4248 supra,
908 4176 1045 4226 secundum
1056 4176 1124 4239 quod
1139 4174 1242 4240 publice
1260 4190 1320 4225 con·

295 4257 370 4322 ’qui]
385 4271 433 4309 om.
446 4249 475 4308 F.
798 4255 936 4306 'sstcbatun
1291 4253 1294 4257 ’

293 4338 302 4366 ³
314 4337 404 4401 annues]
419 4352 504 4387 omncs
516 4336 560 4398 illi,
576 4337 605 4387 L
617 4335 697 4388 wilk.
845 4336 855 4363 ⁸
869 4332 1152 4399 Contra-consertum]
1167 4348 1218 4384 om.
1232 4332 1262 4384 1².

293 4417 302 4443 ⁴
314 4415 369 4480 nec]
384 4431 443 4471 non,
456 4416 484 4465 F.
845 4413 985 4479 ὀιιιηίὂιιε]
1000 4412 1047 4473 his,
1060 4413 1094 4463 A.

296 4493 356 4542 *Ec
372 4494 637 4560 quia—concremari]
663 4509 712 4545 om.
733 4492 763 4555 F,
843 4492 1061 4558 ³unum-vicum]
1075 4491 1161 4544 Deum
1173 4492 1303 4556 unumst.

259 4571 360 4637 writing
389 4573 492 4633 instead,
517 4573 606 4636 Quoad
629 4574 688 4624 istas
716 4589 762 4623 sex
842 4573 1009 4639 ’corde]‚om.
1022 4571 1102 4622 u'ilk.

258 4650 358 4701 horesco
373 4652 435 4703 <licit
454 4654 541 4703 codem
561 4653 648 4704 ordine
667 4669 717 4717 quo
737 4661 762 4704 ct
