<?xml version="1.0" encoding="UTF-8"?>
<!DOCTYPE html PUBLIC "-//W3C//DTD XHTML 1.0 Transitional//EN"
    "http://www.w3.org/TR/xhtml1/DTD/xhtml1-transitional.dtd">
<html xmlns="http://www.w3.org/1999/xhtml" xml:lang="en" lang="en">
 <head>
  <title>
</title>
<meta http-equiv="Content-Type" content="text/html;charset=utf-8" />
  <meta name='ocr-system' content='tesseract 3.04.00' />
  <meta name='ocr-capabilities' content='ocr_page ocr_carea ocr_par ocr_line ocrx_word'/>
</head>
<body>
  <div class='ocr_page' id='page_1' title='image "./fasciculizizani00nettgoog_0052.png"; bbox 0 0 3158 5490; ppageno 0'>
   <div class='ocr_carea' id='block_1_1' title="bbox 653 713 1312 779">
    <p class='ocr_par' dir='ltr' id='par_1_1' title="bbox 653 713 1312 779">
     <span class='ocr_line' id='line_1_1' title="bbox 653 713 1312 779; baseline 0.012 -9"><span class='ocrx_word' id='word_1_1' title='bbox 653 723 923 772; x_wconf 73' lang='lat' dir='ltr'><strong>nrnonrrrrox.</strong></span> <span class='ocrx_word' id='word_1_2' title='bbox 1193 713 1312 779; x_wconf 81' lang='lat' dir='ltr'><strong>mvii</strong></span> 
     </span>
    </p>
   </div>
   <div class='ocr_carea' id='block_1_2' title="bbox 256 898 1314 4357">
    <p class='ocr_par' dir='ltr' id='par_1_2' title="bbox 256 898 1313 2270">
     <span class='ocr_line' id='line_1_2' title="bbox 256 898 1313 986; baseline 0 -22"><span class='ocrx_word' id='word_1_3' title='bbox 256 907 275 933; x_wconf 89' lang='lat'><strong>‘·</strong></span> <span class='ocrx_word' id='word_1_4' title='bbox 302 900 480 964; x_wconf 85' lang='lat' dir='ltr'><strong>incolentis</strong></span> <span class='ocrx_word' id='word_1_5' title='bbox 511 899 620 963; x_wconf 87' lang='lat' dir='ltr'><strong>locum</strong></span> <span class='ocrx_word' id='word_1_6' title='bbox 654 898 748 962; x_wconf 90' lang='lat' dir='ltr'><strong>illum</strong></span> <span class='ocrx_word' id='word_1_7' title='bbox 779 921 821 962; x_wconf 80' lang='lat' dir='ltr'><strong>ex</strong></span> <span class='ocrx_word' id='word_1_8' title='bbox 853 899 1040 963; x_wconf 84' lang='lat' dir='ltr'><strong>defensione</strong></span> <span class='ocrx_word' id='word_1_9' title='bbox 1070 899 1200 964; x_wconf 81' lang='lat' dir='ltr'><strong>sceleris</strong></span> <span class='ocrx_word' id='word_1_10' title='bbox 1228 901 1313 986; x_wconf 84' lang='lat' dir='ltr'><strong>sugi-</strong></span> 
     </span>
     <span class='ocr_line' id='line_1_3' title="bbox 257 1002 1312 1088; baseline 0.001 -21"><span class='ocrx_word' id='word_1_11' title='bbox 257 1010 276 1035; x_wconf 86' lang='lat'>“</span> <span class='ocrx_word' id='word_1_12' title='bbox 299 1005 454 1067; x_wconf 83' lang='lat' dir='ltr'><strong>tivoruna</strong></span> <span class='ocrx_word' id='word_1_13' title='bbox 501 1003 577 1088; x_wconf 89' lang='lat' dir='ltr'><strong>Ipse</strong></span> <span class='ocrx_word' id='word_1_14' title='bbox 598 1010 712 1066; x_wconf 81' lang='lat' dir='ltr'><strong>autem</strong></span> <span class='ocrx_word' id='word_1_15' title='bbox 734 1003 880 1066; x_wconf 78' lang='lat' dir='ltr'><strong>animose</strong></span> <span class='ocrx_word' id='word_1_16' title='bbox 902 1003 997 1066; x_wconf 84' lang='lat' dir='ltr'><strong>stetit</strong></span> <span class='ocrx_word' id='word_1_17' title='bbox 1019 1002 1230 1087; x_wconf 69' lang='lat' dir='ltr'><strong>singulariter</strong></span> <span class='ocrx_word' id='word_1_18' title='bbox 1251 1025 1312 1088; x_wconf 80' lang='lat' dir='ltr'><strong>pm</strong></span> 
     </span>
     <span class='ocr_line' id='line_1_4' title="bbox 258 1103 1312 1190; baseline 0.002 -22"><span class='ocrx_word' id='word_1_19' title='bbox 258 1117 276 1139; x_wconf 91' lang='lat'><strong>‘·</strong></span> <span class='ocrx_word' id='word_1_20' title='bbox 300 1106 374 1168; x_wconf 85' lang='lat' dir='ltr'><strong>istis</strong></span> <span class='ocrx_word' id='word_1_21' title='bbox 388 1105 539 1190; x_wconf 82' lang='lat' dir='ltr'><strong>justitiis,</strong></span> <span class='ocrx_word' id='word_1_22' title='bbox 556 1106 592 1168; x_wconf 93' lang='lat' dir='ltr'><strong>in</strong></span> <span class='ocrx_word' id='word_1_23' title='bbox 606 1111 739 1168; x_wconf 81' lang='lat' dir='ltr'><strong>tantum</strong></span> <span class='ocrx_word' id='word_1_24' title='bbox 754 1104 843 1188; x_wconf 91' lang='lat' dir='ltr'><strong>quod</strong></span> <span class='ocrx_word' id='word_1_25' title='bbox 858 1103 970 1168; x_wconf 91' lang='lat' dir='ltr'><strong>docuit</strong></span> <span class='ocrx_word' id='word_1_26' title='bbox 989 1104 1056 1175; x_wconf 85' lang='lat' dir='ltr'><strong>ubi,</strong></span> <span class='ocrx_word' id='word_1_27' title='bbox 1073 1126 1130 1190; x_wconf 87' lang='lat' dir='ltr'><strong>per</strong></span> <span class='ocrx_word' id='word_1_28' title='bbox 1153 1126 1259 1189; x_wconf 86' lang='lat' dir='ltr'><strong>quem,</strong></span> <span class='ocrx_word' id='word_1_29' title='bbox 1276 1113 1312 1171; x_wconf 86' lang='lat' dir='ltr'><strong>et</strong></span> 
     </span>
     <span class='ocr_line' id='line_1_5' title="bbox 259 1205 1310 1293; baseline 0.003 -23"><span class='ocrx_word' id='word_1_30' title='bbox 259 1224 276 1241; x_wconf 73' lang='lat'><strong>¹·</strong></span> <span class='ocrx_word' id='word_1_31' title='bbox 300 1207 434 1292; x_wconf 91' lang='lat' dir='ltr'><strong>quando</strong></span> <span class='ocrx_word' id='word_1_32' title='bbox 456 1207 560 1271; x_wconf 83' lang='lat' dir='ltr'><strong>oblati</strong></span> <span class='ocrx_word' id='word_1_33' title='bbox 581 1213 661 1270; x_wconf 75' lang='lat' dir='ltr'><strong>siunt</strong></span> <span class='ocrx_word' id='word_1_34' title='bbox 683 1207 746 1270; x_wconf 91' lang='lat' dir='ltr'><strong>sibi</strong></span> <span class='ocrx_word' id='word_1_35' title='bbox 770 1206 860 1270; x_wconf 89' lang='lat' dir='ltr'><strong>mille</strong></span> <span class='ocrx_word' id='word_1_36' title='bbox 887 1206 980 1271; x_wconf 78' lang='lat' dir='ltr'><strong>libne</strong></span> <span class='ocrx_word' id='word_1_37' title='bbox 1002 1205 1046 1270; x_wconf 93' lang='lat' dir='ltr'><strong>ad</strong></span> <span class='ocrx_word' id='word_1_38' title='bbox 1068 1208 1310 1293; x_wconf 73' lang='lat' dir='ltr'><strong>procurandum</strong></span> 
     </span>
     <span class='ocr_line' id='line_1_6' title="bbox 259 1295 1310 1396; baseline 0.003 -24"><span class='ocrx_word' id='word_1_39' title='bbox 259 1320 276 1343; x_wconf 74' lang='lat'><strong>‘¹</strong></span> <span class='ocrx_word' id='word_1_40' title='bbox 300 1309 354 1373; x_wconf 79' lang='lat' dir='ltr'><strong>wel</strong></span> <span class='ocrx_word' id='word_1_41' title='bbox 385 1309 643 1395; x_wconf 72' lang='lat' dir='ltr'><strong>permittendum</strong></span> <span class='ocrx_word' id='word_1_42' title='bbox 673 1309 777 1373; x_wconf 87' lang='lat' dir='ltr'><strong>dictos</strong></span> <span class='ocrx_word' id='word_1_43' title='bbox 808 1295 966 1394; x_wconf 82' lang='lat' dir='ltr'><strong>fugitivos</strong></span> <span class='ocrx_word' id='word_1_44' title='bbox 991 1330 1065 1372; x_wconf 87' lang='lat' dir='ltr'><strong>cunr</strong></span> <span class='ocrx_word' id='word_1_45' title='bbox 1095 1331 1155 1372; x_wconf 90' lang='lat' dir='ltr'><strong>suo</strong></span> <span class='ocrx_word' id='word_1_46' title='bbox 1179 1311 1310 1396; x_wconf 79' lang='lat' dir='ltr'><strong>captivo</strong></span> 
     </span>
     <span class='ocr_line' id='line_1_7' title="bbox 258 1411 1310 1497; baseline 0.003 -22"><span class='ocrx_word' id='word_1_47' title='bbox 258 1424 276 1447; x_wconf 73' lang='lat'><strong>‘⁴</strong></span> <span class='ocrx_word' id='word_1_48' title='bbox 299 1413 343 1475; x_wconf 87' lang='lat' dir='ltr'><strong>ad</strong></span> <span class='ocrx_word' id='word_1_49' title='bbox 374 1419 480 1476; x_wconf 86' lang='lat' dir='ltr'><strong>terras</strong></span> <span class='ocrx_word' id='word_1_50' title='bbox 510 1413 715 1476; x_wconf 88' lang='lat' dir='ltr'><strong>inimicorum</strong></span> <span class='ocrx_word' id='word_1_51' title='bbox 749 1412 908 1476; x_wconf 80' lang='lat' dir='ltr'><strong>accedere.</strong></span> <span class='ocrx_word' id='word_1_52' title='bbox 964 1411 1062 1491; x_wconf 86' lang='lat' dir='ltr'><strong>Quod</strong></span> <span class='ocrx_word' id='word_1_53' title='bbox 1091 1413 1169 1497; x_wconf 89' lang='lat' dir='ltr'><strong>quia</strong></span> <span class='ocrx_word' id='word_1_54' title='bbox 1202 1415 1310 1478; x_wconf 81' lang='lat' dir='ltr'><strong>visum</strong></span> 
     </span>
     <span class='ocr_line' id='line_1_8' title="bbox 258 1514 1312 1600; baseline 0.004 -23"><span class='ocrx_word' id='word_1_55' title='bbox 258 1522 277 1549; x_wconf 90' lang='lat'><strong>“</strong></span> <span class='ocrx_word' id='word_1_56' title='bbox 301 1515 368 1578; x_wconf 84' lang='lat' dir='ltr'><strong>fnit</strong></span> <span class='ocrx_word' id='word_1_57' title='bbox 389 1514 452 1578; x_wconf 84' lang='lat' dir='ltr'>sibi</span> <span class='ocrx_word' id='word_1_58' title='bbox 474 1523 510 1578; x_wconf 88' lang='lat' dir='ltr'><strong>et</strong></span> <span class='ocrx_word' id='word_1_59' title='bbox 533 1516 619 1600; x_wconf 87' lang='lat' dir='ltr'><strong>regis</strong></span> <span class='ocrx_word' id='word_1_60' title='bbox 641 1515 785 1592; x_wconf 87' lang='lat' dir='ltr'><strong>concilio,</strong></span> <span class='ocrx_word' id='word_1_61' title='bbox 805 1515 884 1600; x_wconf 86' lang='lat' dir='ltr'><strong>ipsis</strong></span> <span class='ocrx_word' id='word_1_62' title='bbox 907 1514 1122 1578; x_wconf 73' lang='lat' dir='ltr'><strong>confederatis</strong></span> <span class='ocrx_word' id='word_1_63' title='bbox 1141 1537 1215 1580; x_wconf 84' lang='lat' dir='ltr'><strong>cunr</strong></span> <span class='ocrx_word' id='word_1_64' title='bbox 1237 1516 1312 1581; x_wconf 89' lang='lat' dir='ltr'><strong>hos·</strong></span> 
     </span>
     <span class='ocr_line' id='line_1_9' title="bbox 259 1616 1309 1702; baseline 0.001 -22"><span class='ocrx_word' id='word_1_65' title='bbox 259 1628 276 1650; x_wconf 81' lang='lat'><strong>‘⁴</strong></span> <span class='ocrx_word' id='word_1_66' title='bbox 301 1617 401 1692; x_wconf 69' lang='lat' dir='ltr'><strong>tibus</strong></span> <span class='ocrx_word' id='word_1_67' title='bbox 428 1618 471 1681; x_wconf 89' lang='lat' dir='ltr'><strong>ad</strong></span> <span class='ocrx_word' id='word_1_68' title='bbox 506 1617 686 1702; x_wconf 88' lang='lat' dir='ltr'><strong>periculum</strong></span> <span class='ocrx_word' id='word_1_69' title='bbox 713 1617 805 1702; x_wconf 81' lang='lat' dir='ltr'><strong>regni</strong></span> <span class='ocrx_word' id='word_1_70' title='bbox 839 1638 983 1702; x_wconf 78' lang='lat' dir='ltr'><strong>vergere,</strong></span> <span class='ocrx_word' id='word_1_71' title='bbox 1009 1616 1119 1681; x_wconf 88' lang='lat' dir='ltr'><strong>noluit</strong></span> <span class='ocrx_word' id='word_1_72' title='bbox 1144 1620 1309 1683; x_wconf 65' lang='lat' dir='ltr'><strong>assentire.</strong></span> 
     </span>
     <span class='ocr_line' id='line_1_10' title="bbox 259 1718 1309 1804; baseline 0.003 -22"><span class='ocrx_word' id='word_1_73' title='bbox 259 1730 278 1752; x_wconf 88' lang='lat'><em>“</em></span> <span class='ocrx_word' id='word_1_74' title='bbox 304 1718 404 1782; x_wconf 85' lang='lat' dir='ltr'>Unde</span> <span class='ocrx_word' id='word_1_75' title='bbox 433 1720 567 1783; x_wconf 87' lang='lat' dir='ltr'><strong>omnino</strong></span> <span class='ocrx_word' id='word_1_76' title='bbox 593 1726 644 1783; x_wconf 86' lang='lat' dir='ltr'><strong>eat</strong></span> <span class='ocrx_word' id='word_1_77' title='bbox 665 1719 919 1804; x_wconf 64' lang='lat' dir='ltr'><strong>irreligiositatis</strong></span> <span class='ocrx_word' id='word_1_78' title='bbox 948 1718 1093 1782; x_wconf 87' lang='lat' dir='ltr'><strong>conditio</strong></span> <span class='ocrx_word' id='word_1_79' title='bbox 1124 1720 1309 1785; x_wconf 72' lang='lat' dir='ltr'><strong>iniidorunr</strong></span> 
     </span>
     <span class='ocr_line' id='line_1_11' title="bbox 258 1820 1309 1909; baseline 0.001 -24"><span class='ocrx_word' id='word_1_80' title='bbox 258 1821 436 1885; x_wconf 86' lang='lat' dir='ltr'><strong>“auribus</strong></span> <span class='ocrx_word' id='word_1_81' title='bbox 464 1821 688 1906; x_wconf 83' lang='lat' dir='ltr'><strong>prurientibus</strong></span> <span class='ocrx_word' id='word_1_82' title='bbox 716 1822 757 1885; x_wconf 94' lang='lat' dir='ltr'><strong>de</strong></span> <span class='ocrx_word' id='word_1_83' title='bbox 787 1821 919 1885; x_wconf 89' lang='lat' dir='ltr'><strong>homine</strong></span> <span class='ocrx_word' id='word_1_84' title='bbox 948 1820 1026 1884; x_wconf 83' lang='lat' dir='ltr'><strong>ficta</strong></span> <span class='ocrx_word' id='word_1_85' title='bbox 1057 1820 1117 1905; x_wconf 78' lang='lat' dir='ltr'><strong>[nl</strong></span> <span class='ocrx_word' id='word_1_86' title='bbox 1149 1821 1309 1909; x_wconf 74' lang='lat' dir='ltr'><strong>fingeret]</strong></span> 
     </span>
     <span class='ocr_line' id='line_1_12' title="bbox 258 1923 1311 2008; baseline 0.001 -20"><span class='ocrx_word' id='word_1_87' title='bbox 258 1935 275 1957; x_wconf 79' lang='lat'><strong>⁴·</strong></span> <span class='ocrx_word' id='word_1_88' title='bbox 301 1923 491 1988; x_wconf 78' lang='lat' dir='ltr'><strong>scandaloso</strong></span> <span class='ocrx_word' id='word_1_89' title='bbox 526 1923 705 1997; x_wconf 84' lang='lat' dir='ltr'><strong>mendacia,</strong></span> <span class='ocrx_word' id='word_1_90' title='bbox 733 1932 768 1987; x_wconf 88' lang='lat' dir='ltr'><strong>et</strong></span> <span class='ocrx_word' id='word_1_91' title='bbox 800 1925 947 2008; x_wconf 74' lang='lat' dir='ltr'><strong>graiiter</strong></span> <span class='ocrx_word' id='word_1_92' title='bbox 977 1923 1060 1986; x_wconf 82' lang='lat' dir='ltr'><strong>ferre</strong></span> <span class='ocrx_word' id='word_1_93' title='bbox 1089 1923 1131 1986; x_wconf 87' lang='lat' dir='ltr'><strong>de</strong></span> <span class='ocrx_word' id='word_1_94' title='bbox 1157 1944 1196 1987; x_wconf 91' lang='lat' dir='ltr'><strong>eo</strong></span> <span class='ocrx_word' id='word_1_95' title='bbox 1226 1946 1311 1989; x_wconf 89' lang='lat' dir='ltr'><strong>com-</strong></span> 
     </span>
     <span class='ocr_line' id='line_1_13' title="bbox 260 2025 1311 2111; baseline 0.002 -22"><span class='ocrx_word' id='word_1_96' title='bbox 260 2036 279 2059; x_wconf 85' lang='lat'><strong>¹‘</strong></span> <span class='ocrx_word' id='word_1_97' title='bbox 303 2032 417 2090; x_wconf 85' lang='lat' dir='ltr'><strong>menta</strong></span> <span class='ocrx_word' id='word_1_98' title='bbox 445 2025 632 2101; x_wconf 71' lang='lat' dir='ltr'><strong>laudabilia,</strong></span> <span class='ocrx_word' id='word_1_99' title='bbox 665 2048 739 2110; x_wconf 82' lang='lat' dir='ltr'><strong>quae</strong></span> <span class='ocrx_word' id='word_1_100' title='bbox 773 2047 830 2111; x_wconf 90' lang='lat' dir='ltr'><strong>per</strong></span> <span class='ocrx_word' id='word_1_101' title='bbox 868 2025 989 2090; x_wconf 91' lang='lat' dir='ltr'><strong>multos</strong></span> <span class='ocrx_word' id='word_1_102' title='bbox 1015 2027 1219 2091; x_wconf 87' lang='lat' dir='ltr'><strong>centenarios</strong></span> <span class='ocrx_word' id='word_1_103' title='bbox 1251 2027 1311 2091; x_wconf 90' lang='lat' dir='ltr'><strong>ho-</strong></span> 
     </span>
     <span class='ocr_line' id='line_1_14' title="bbox 258 2129 674 2192; baseline 0.002 -1"><span class='ocrx_word' id='word_1_104' title='bbox 258 2135 278 2162; x_wconf 90' lang='lat'><strong>“</strong></span> <span class='ocrx_word' id='word_1_105' title='bbox 302 2130 429 2192; x_wconf 89' lang='lat' dir='ltr'><strong>minum</strong></span> <span class='ocrx_word' id='word_1_106' title='bbox 453 2136 531 2192; x_wconf 88' lang='lat' dir='ltr'><strong>sunt</strong></span> <span class='ocrx_word' id='word_1_107' title='bbox 551 2129 674 2192; x_wconf 74' lang='lat' dir='ltr'><strong>audita</strong></span> 
     </span>
     <span class='ocr_line' id='line_1_15' title="bbox 376 2229 1196 2270; baseline 0 -1"><span class='ocrx_word' id='word_1_108' title='bbox 376 2231 395 2269; x_wconf 65' lang='lat'>⁸</span> <span class='ocrx_word' id='word_1_109' title='bbox 578 2233 594 2270; x_wconf 68' lang='lat'><em>2</em></span> <span class='ocrx_word' id='word_1_110' title='bbox 775 2229 794 2267; x_wconf 65' lang='lat'>⁸</span> <span class='ocrx_word' id='word_1_111' title='bbox 976 2229 995 2267; x_wconf 62' lang='grc' dir='ltr'>ί</span> <span class='ocrx_word' id='word_1_112' title='bbox 1177 2231 1196 2269; x_wconf 67' lang='grc'>1</span> 
     </span>
    </p>

    <p class='ocr_par' dir='ltr' id='par_1_3' title="bbox 259 2332 1314 3446">
     <span class='ocr_line' id='line_1_16' title="bbox 306 2332 1310 2419; baseline 0.002 -23"><span class='ocrx_word' id='word_1_113' title='bbox 306 2343 325 2367; x_wconf 86' lang='grc'><em>“</em></span> <span class='ocrx_word' id='word_1_114' title='bbox 351 2332 478 2397; x_wconf 86' lang='lat' dir='ltr'><strong>Ultimo</strong></span> <span class='ocrx_word' id='word_1_115' title='bbox 508 2354 697 2397; x_wconf 86' lang='lat' dir='ltr'><strong>accusamur</strong></span> <span class='ocrx_word' id='word_1_116' title='bbox 718 2354 738 2395; x_wconf 86' lang='lat' dir='ltr'><strong>a</strong></span> <span class='ocrx_word' id='word_1_117' title='bbox 761 2332 861 2416; x_wconf 77' lang='lat' dir='ltr'><strong>vulgo</strong></span> <span class='ocrx_word' id='word_1_118' title='bbox 884 2354 942 2418; x_wconf 90' lang='lat' dir='ltr'><strong>per</strong></span> <span class='ocrx_word' id='word_1_119' title='bbox 970 2334 1106 2404; x_wconf 83' lang='lat' dir='ltr'><strong>somnia.</strong></span> <span class='ocrx_word' id='word_1_120' title='bbox 1162 2333 1310 2419; x_wconf 79' lang='lat' dir='ltr'><strong>Fiugunt</strong></span> 
     </span>
     <span class='ocr_line' id='line_1_17' title="bbox 261 2433 1311 2521; baseline 0.002 -23"><span class='ocrx_word' id='word_1_121' title='bbox 261 2441 280 2470; x_wconf 89' lang='lat'>“</span> <span class='ocrx_word' id='word_1_122' title='bbox 304 2435 394 2499; x_wconf 89' lang='lat' dir='ltr'><strong>enim</strong></span> <span class='ocrx_word' id='word_1_123' title='bbox 425 2435 485 2498; x_wconf 84' lang='lat' dir='ltr'><strong>filii</strong></span> <span class='ocrx_word' id='word_1_124' title='bbox 515 2435 620 2521; x_wconf 86' lang='lat' dir='ltr'><strong>patris</strong></span> <span class='ocrx_word' id='word_1_125' title='bbox 654 2434 815 2498; x_wconf 79' lang='lat' dir='ltr'><strong>mendacii</strong></span> <span class='ocrx_word' id='word_1_126' title='bbox 846 2433 1009 2518; x_wconf 88' lang='lat' dir='ltr'><strong>quomodo</strong></span> <span class='ocrx_word' id='word_1_127' title='bbox 1047 2434 1228 2502; x_wconf 78' lang='lat' dir='ltr'><strong>revelatum</strong></span> <span class='ocrx_word' id='word_1_128' title='bbox 1260 2444 1311 2500; x_wconf 84' lang='lat' dir='ltr'><strong>est</strong></span> 
     </span>
     <span class='ocr_line' id='line_1_18' title="bbox 259 2536 1308 2623; baseline 0 -22"><span class='ocrx_word' id='word_1_129' title='bbox 259 2544 277 2570; x_wconf 80' lang='lat'><strong>‘¹</strong></span> <span class='ocrx_word' id='word_1_130' title='bbox 302 2558 439 2623; x_wconf 81' lang='lat' dir='ltr'><strong>regnum</strong></span> <span class='ocrx_word' id='word_1_131' title='bbox 451 2536 582 2623; x_wconf 79' lang='lat' dir='ltr'><strong>Angliae</strong></span> <span class='ocrx_word' id='word_1_132' title='bbox 597 2538 737 2601; x_wconf 75' lang='lat' dir='ltr'><strong>transire</strong></span> <span class='ocrx_word' id='word_1_133' title='bbox 755 2537 889 2622; x_wconf 87' lang='lat' dir='ltr'><strong>impune</strong></span> <span class='ocrx_word' id='word_1_134' title='bbox 904 2557 1072 2622; x_wconf 81' lang='lat' dir='ltr'>quousque</span> <span class='ocrx_word' id='word_1_135' title='bbox 1088 2538 1150 2601; x_wconf 90' lang='lat' dir='ltr'><strong>sub</strong></span> <span class='ocrx_word' id='word_1_136' title='bbox 1165 2539 1308 2622; x_wconf 84' lang='lat' dir='ltr'><strong>quodam</strong></span> 
     </span>
     <span class='ocr_line' id='line_1_19' title="bbox 260 2639 1310 2725; baseline 0.002 -22"><span class='ocrx_word' id='word_1_137' title='bbox 260 2651 277 2674; x_wconf 89' lang='lat'>“</span> <span class='ocrx_word' id='word_1_138' title='bbox 302 2661 378 2725; x_wconf 86' lang='lat' dir='ltr'><strong>rege</strong></span> <span class='ocrx_word' id='word_1_139' title='bbox 395 2639 534 2703; x_wconf 87' lang='lat' dir='ltr'><strong>Ricardo</strong></span> <span class='ocrx_word' id='word_1_140' title='bbox 549 2639 684 2703; x_wconf 85' lang='lat' dir='ltr'><strong>basilica</strong></span> <span class='ocrx_word' id='word_1_141' title='bbox 700 2639 983 2703; x_wconf 77' lang='lat' dir='ltr'><strong>westmonasterii</strong></span> <span class='ocrx_word' id='word_1_142' title='bbox 998 2640 1043 2703; x_wconf 83' lang='lat' dir='ltr'><strong>sit</strong></span> <span class='ocrx_word' id='word_1_143' title='bbox 1057 2639 1189 2724; x_wconf 78' lang='lat' dir='ltr'><strong>polluta</strong></span> <span class='ocrx_word' id='word_1_144' title='bbox 1218 2641 1310 2705; x_wconf 81' lang='lat' dir='ltr'><strong>Alios</strong></span> 
     </span>
     <span class='ocr_line' id='line_1_20' title="bbox 261 2739 1310 2828; baseline 0.003 -23"><span class='ocrx_word' id='word_1_145' title='bbox 261 2752 278 2776; x_wconf 93' lang='lat'>“</span> <span class='ocrx_word' id='word_1_146' title='bbox 302 2748 413 2806; x_wconf 83' lang='lat' dir='ltr'><strong>autern</strong></span> <span class='ocrx_word' id='word_1_147' title='bbox 449 2742 648 2806; x_wconf 76' lang='lat' dir='ltr'><strong>variationes</strong></span> <span class='ocrx_word' id='word_1_148' title='bbox 674 2763 756 2826; x_wconf 78' lang='lat' dir='ltr'><strong>quos</strong></span> <span class='ocrx_word' id='word_1_149' title='bbox 781 2740 861 2804; x_wconf 81' lang='lat' dir='ltr'><strong>salse</strong></span> <span class='ocrx_word' id='word_1_150' title='bbox 890 2739 1053 2805; x_wconf 78' lang='lat' dir='ltr'><strong>fabricent</strong></span> <span class='ocrx_word' id='word_1_151' title='bbox 1083 2764 1148 2805; x_wconf 87' lang='lat' dir='ltr'><strong>non</strong></span> <span class='ocrx_word' id='word_1_152' title='bbox 1179 2750 1310 2828; x_wconf 84' lang='lat' dir='ltr'><strong>oportet</strong></span> 
     </span>
     <span class='ocr_line' id='line_1_21' title="bbox 262 2841 1311 2909; baseline 0.002 -2"><span class='ocrx_word' id='word_1_153' title='bbox 262 2855 278 2877; x_wconf 90' lang='lat'><strong><em>“</em></strong></span> <span class='ocrx_word' id='word_1_154' title='bbox 304 2843 357 2908; x_wconf 89' lang='lat' dir='ltr'><strong>hic</strong></span> <span class='ocrx_word' id='word_1_155' title='bbox 386 2845 529 2909; x_wconf 82' lang='lat' dir='ltr'><strong>recitare</strong></span> <span class='ocrx_word' id='word_1_156' title='bbox 606 2894 614 2907; x_wconf 85' lang='lat'><strong>.</strong></span> <span class='ocrx_word' id='word_1_157' title='bbox 685 2893 693 2906; x_wconf 86' lang='lat'><strong>.</strong></span> <span class='ocrx_word' id='word_1_158' title='bbox 763 2892 770 2906; x_wconf 92' lang='lat'>.</span> <span class='ocrx_word' id='word_1_159' title='bbox 853 2841 1003 2907; x_wconf 86' lang='lat' dir='ltr'><strong>Ulterius</strong></span> <span class='ocrx_word' id='word_1_160' title='bbox 1037 2842 1171 2908; x_wconf 92' lang='lat' dir='ltr'><strong>videtur</strong></span> <span class='ocrx_word' id='word_1_161' title='bbox 1196 2845 1311 2909; x_wconf 79' lang='lat' dir='ltr'><strong>multis</strong></span> 
     </span>
     <span class='ocr_line' id='line_1_22' title="bbox 262 2945 1312 3031; baseline 0.001 -21"><span class='ocrx_word' id='word_1_162' title='bbox 262 2958 279 2980; x_wconf 85' lang='lat'><strong>‘¹</strong></span> <span class='ocrx_word' id='word_1_163' title='bbox 304 2946 481 3010; x_wconf 87' lang='lat' dir='ltr'><strong>verisimile</strong></span> <span class='ocrx_word' id='word_1_164' title='bbox 510 2945 599 3031; x_wconf 88' lang='lat' dir='ltr'><strong>quod</strong></span> <span class='ocrx_word' id='word_1_165' title='bbox 623 2966 760 3030; x_wconf 80' lang='lat' dir='ltr'><strong>regnum</strong></span> <span class='ocrx_word' id='word_1_166' title='bbox 779 2945 925 3029; x_wconf 89' lang='lat' dir='ltr'><strong>patietur</strong></span> <span class='ocrx_word' id='word_1_167' title='bbox 946 2945 980 3007; x_wconf 91' lang='lat' dir='ltr'><strong>in</strong></span> <span class='ocrx_word' id='word_1_168' title='bbox 1008 2945 1122 3022; x_wconf 85' lang='lat' dir='ltr'><strong>brevi;</strong></span> <span class='ocrx_word' id='word_1_169' title='bbox 1152 2946 1209 3009; x_wconf 89' lang='lat' dir='ltr'><strong>sed</strong></span> <span class='ocrx_word' id='word_1_170' title='bbox 1236 2968 1312 3011; x_wconf 86' lang='lat' dir='ltr'><strong>cunr</strong></span> 
     </span>
     <span class='ocr_line' id='line_1_23' title="bbox 262 3045 1314 3134; baseline 0.001 -22"><span class='ocrx_word' id='word_1_171' title='bbox 262 3055 278 3083; x_wconf 89' lang='lat'>“</span> <span class='ocrx_word' id='word_1_172' title='bbox 304 3069 370 3112; x_wconf 92' lang='lat' dir='ltr'><strong>non</strong></span> <span class='ocrx_word' id='word_1_173' title='bbox 400 3071 473 3113; x_wconf 87' lang='lat' dir='ltr'><strong>sum</strong></span> <span class='ocrx_word' id='word_1_174' title='bbox 497 3048 659 3134; x_wconf 89' lang='lat' dir='ltr'><strong>propheta</strong></span> <span class='ocrx_word' id='word_1_175' title='bbox 685 3047 737 3112; x_wconf 92' lang='lat' dir='ltr'><strong>cui</strong></span> <span class='ocrx_word' id='word_1_176' title='bbox 759 3046 846 3110; x_wconf 67' lang='lat' dir='ltr'><strong>hoto</strong></span> <span class='ocrx_word' id='word_1_177' title='bbox 867 3053 917 3111; x_wconf 75' lang='lat' dir='ltr'><strong>ost</strong></span> <span class='ocrx_word' id='word_1_178' title='bbox 944 3045 1002 3110; x_wconf 88' lang='lat' dir='ltr'><strong>illa</strong></span> <span class='ocrx_word' id='word_1_179' title='bbox 1023 3047 1116 3124; x_wconf 88' lang='lat' dir='ltr'><strong>visio,</strong></span> <span class='ocrx_word' id='word_1_180' title='bbox 1142 3069 1207 3111; x_wconf 91' lang='lat' dir='ltr'><strong>non</strong></span> <span class='ocrx_word' id='word_1_181' title='bbox 1232 3070 1314 3134; x_wconf 74' lang='lat' dir='ltr'><strong>prrs-</strong></span> 
     </span>
     <span class='ocr_line' id='line_1_24' title="bbox 261 3148 1313 3234; baseline -0.002 -18"><span class='ocrx_word' id='word_1_182' title='bbox 261 3160 280 3185; x_wconf 89' lang='lat'>“</span> <span class='ocrx_word' id='word_1_183' title='bbox 302 3173 396 3216; x_wconf 88' lang='lat' dir='ltr'><strong>sumo</strong></span> <span class='ocrx_word' id='word_1_184' title='bbox 422 3151 506 3220; x_wconf 89' lang='lat' dir='ltr'><strong>illud</strong></span> <span class='ocrx_word' id='word_1_185' title='bbox 524 3151 687 3214; x_wconf 87' lang='lat' dir='ltr'><strong>somnium</strong></span> <span class='ocrx_word' id='word_1_186' title='bbox 709 3150 859 3214; x_wconf 84' lang='lat' dir='ltr'><strong>revelare</strong></span> <span class='ocrx_word' id='word_1_187' title='bbox 908 3148 1013 3213; x_wconf 82' lang='lat' dir='ltr'><strong>Credo</strong></span> <span class='ocrx_word' id='word_1_188' title='bbox 1036 3154 1147 3214; x_wconf 86' lang='lat' dir='ltr'><strong>autem</strong></span> <span class='ocrx_word' id='word_1_189' title='bbox 1174 3151 1262 3234; x_wconf 92' lang='lat' dir='ltr'><strong>quod</strong></span> <span class='ocrx_word' id='word_1_190' title='bbox 1278 3151 1313 3215; x_wconf 91' lang='lat' dir='ltr'><strong>in</strong></span> 
     </span>
     <span class='ocr_line' id='line_1_25' title="bbox 262 3251 1314 3319; baseline 0.002 -2"><span class='ocrx_word' id='word_1_191' title='bbox 262 3253 461 3319; x_wconf 79' lang='lat' dir='ltr'><strong>“occisione</strong></span> <span class='ocrx_word' id='word_1_192' title='bbox 490 3253 626 3317; x_wconf 88' lang='lat' dir='ltr'><strong>istorum</strong></span> <span class='ocrx_word' id='word_1_193' title='bbox 647 3251 817 3315; x_wconf 88' lang='lat' dir='ltr'><strong>hominum</strong></span> <span class='ocrx_word' id='word_1_194' title='bbox 842 3251 1011 3315; x_wconf 85' lang='lat' dir='ltr'><strong>commisso</strong></span> <span class='ocrx_word' id='word_1_195' title='bbox 1037 3259 1132 3317; x_wconf 81' lang='lat' dir='ltr'><strong>erent</strong></span> <span class='ocrx_word' id='word_1_196' title='bbox 1153 3251 1314 3319; x_wconf 85' lang='lat' dir='ltr'><strong>horrenda</strong></span> 
     </span>
     <span class='ocr_line' id='line_1_26' title="bbox 264 3353 922 3446; baseline 0.003 -28"><span class='ocrx_word' id='word_1_197' title='bbox 264 3363 282 3390; x_wconf 87' lang='lat'><strong>“</strong></span> <span class='ocrx_word' id='word_1_198' title='bbox 306 3353 497 3419; x_wconf 82' lang='lat' dir='ltr'><strong>facinora”¹</strong></span> <span class='ocrx_word' id='word_1_199' title='bbox 916 3436 922 3446; x_wconf 26' lang='grc' dir='ltr'><strong>ο</strong></span> 
     </span>
    </p>

    <p class='ocr_par' dir='ltr' id='par_1_4' title="bbox 262 3455 1314 4357">
     <span class='ocr_line' id='line_1_27' title="bbox 308 3455 1311 3543; baseline 0.001 -21"><span class='ocrx_word' id='word_1_200' title='bbox 308 3457 370 3522; x_wconf 89' lang='lat' dir='ltr'><strong>We</strong></span> <span class='ocrx_word' id='word_1_201' title='bbox 394 3478 470 3522; x_wconf 88' lang='lat' dir='ltr'><strong>now</strong></span> <span class='ocrx_word' id='word_1_202' title='bbox 484 3478 558 3542; x_wconf 69' lang='lat' dir='ltr'><strong>pass</strong></span> <span class='ocrx_word' id='word_1_203' title='bbox 589 3478 668 3521; x_wconf 86' lang='lat' dir='ltr'><strong>over</strong></span> <span class='ocrx_word' id='word_1_204' title='bbox 698 3478 719 3519; x_wconf 85' lang='lat' dir='ltr'><strong>a</strong></span> <span class='ocrx_word' id='word_1_205' title='bbox 744 3455 857 3542; x_wconf 80' lang='lat' dir='ltr'><strong>period</strong></span> <span class='ocrx_word' id='word_1_206' title='bbox 887 3456 925 3519; x_wconf 87' lang='lat' dir='ltr'><strong>of</strong></span> <span class='ocrx_word' id='word_1_207' title='bbox 950 3457 1063 3543; x_wconf 82' lang='lat' dir='ltr'><strong>nearly</strong></span> <span class='ocrx_word' id='word_1_208' title='bbox 1090 3458 1182 3522; x_wconf 85' lang='lat' dir='ltr'><strong>three</strong></span> <span class='ocrx_word' id='word_1_209' title='bbox 1208 3479 1311 3543; x_wconf 88' lang='lat' dir='ltr'><strong>years,</strong></span> 
     </span>
     <span class='ocr_line' id='line_1_28' title="bbox 263 3557 1314 3646; baseline 0 -23"><span class='ocrx_word' id='word_1_210' title='bbox 263 3559 301 3623; x_wconf 89' lang='lat' dir='ltr'><strong>of</strong></span> <span class='ocrx_word' id='word_1_211' title='bbox 336 3580 415 3637; x_wconf 85' lang='lat' dir='ltr'><strong>rare,</strong></span> <span class='ocrx_word' id='word_1_212' title='bbox 453 3558 516 3623; x_wconf 90' lang='lat' dir='ltr'><strong>but</strong></span> <span class='ocrx_word' id='word_1_213' title='bbox 552 3564 611 3643; x_wconf 87' lang='lat' dir='ltr'><strong>yet</strong></span> <span class='ocrx_word' id='word_1_214' title='bbox 648 3557 773 3631; x_wconf 79' lang='lat' dir='ltr'><strong>untold</strong></span> <span class='ocrx_word' id='word_1_215' title='bbox 815 3557 961 3642; x_wconf 74' lang='lat' dir='ltr'><strong>politica]</strong></span> <span class='ocrx_word' id='word_1_216' title='bbox 998 3559 1143 3635; x_wconf 79' lang='lat' dir='ltr'><strong>interest,</strong></span> <span class='ocrx_word' id='word_1_217' title='bbox 1192 3561 1314 3646; x_wconf 84' lang='lat' dir='ltr'><strong>ending</strong></span> 
     </span>
     <span class='ocr_line' id='line_1_29' title="bbox 262 3658 1313 3746; baseline 0.002 -22"><span class='ocrx_word' id='word_1_218' title='bbox 262 3660 346 3725; x_wconf 88' lang='lat' dir='ltr'><strong>with</strong></span> <span class='ocrx_word' id='word_1_219' title='bbox 371 3661 428 3726; x_wconf 90' lang='lat' dir='ltr'><strong>the</strong></span> <span class='ocrx_word' id='word_1_220' title='bbox 451 3660 667 3725; x_wconf 87' lang='lat' dir='ltr'><strong>insurrection</strong></span> <span class='ocrx_word' id='word_1_221' title='bbox 692 3659 730 3723; x_wconf 87' lang='lat' dir='ltr'><strong>of</strong></span> <span class='ocrx_word' id='word_1_222' title='bbox 743 3658 823 3723; x_wconf 84' lang='lat' dir='ltr'><strong>Wat</strong></span> <span class='ocrx_word' id='word_1_223' title='bbox 839 3658 947 3744; x_wconf 87' lang='lat' dir='ltr'><strong>Tyler,</strong></span> <span class='ocrx_word' id='word_1_224' title='bbox 978 3658 1086 3723; x_wconf 80' lang='lat' dir='ltr'><strong>which</strong></span> <span class='ocrx_word' id='word_1_225' title='bbox 1112 3660 1257 3746; x_wconf 84' lang='lat' dir='ltr'><strong>brought</strong></span> <span class='ocrx_word' id='word_1_226' title='bbox 1277 3669 1313 3726; x_wconf 86' lang='lat' dir='ltr'><strong>to</strong></span> 
     </span>
     <span class='ocr_line' id='line_1_30' title="bbox 262 3759 1314 3848; baseline 0.001 -22"><span class='ocrx_word' id='word_1_227' title='bbox 262 3785 306 3826; x_wconf 89' lang='lat' dir='ltr'><strong>nn</strong></span> <span class='ocrx_word' id='word_1_228' title='bbox 336 3763 457 3848; x_wconf 87' lang='lat' dir='ltr'><strong>abrupt</strong></span> <span class='ocrx_word' id='word_1_229' title='bbox 483 3763 548 3826; x_wconf 86' lang='lat' dir='ltr'><strong>and</strong></span> <span class='ocrx_word' id='word_1_230' title='bbox 572 3760 689 3826; x_wconf 73' lang='lat' dir='ltr'><strong>fearful</strong></span> <span class='ocrx_word' id='word_1_231' title='bbox 713 3761 928 3825; x_wconf 88' lang='lat' dir='ltr'><strong>termination</strong></span> <span class='ocrx_word' id='word_1_232' title='bbox 951 3759 1008 3824; x_wconf 86' lang='lat' dir='ltr'><strong>the</strong></span> <span class='ocrx_word' id='word_1_233' title='bbox 1035 3762 1314 3848; x_wconf 84' lang='lat' dir='ltr'><strong>misgovernment</strong></span> 
     </span>
     <span class='ocr_line' id='line_1_31' title="bbox 264 3861 1314 3951; baseline 0.002 -24"><span class='ocrx_word' id='word_1_234' title='bbox 264 3864 302 3928; x_wconf 88' lang='lat' dir='ltr'><strong>of</strong></span> <span class='ocrx_word' id='word_1_235' title='bbox 327 3863 471 3928; x_wconf 80' lang='lat' dir='ltr'><strong>Richnrd</strong></span> <span class='ocrx_word' id='word_1_236' title='bbox 500 3862 558 3927; x_wconf 92' lang='lat' dir='ltr'><strong>the</strong></span> <span class='ocrx_word' id='word_1_237' title='bbox 588 3861 741 3928; x_wconf 89' lang='lat' dir='ltr'><strong>Seoond&#39;s</strong></span> <span class='ocrx_word' id='word_1_238' title='bbox 771 3862 937 3947; x_wconf 86' lang='lat' dir='ltr'><strong>minority‚</strong></span> <span class='ocrx_word' id='word_1_239' title='bbox 969 3863 1114 3947; x_wconf 91' lang='lat' dir='ltr'><strong>crippled</strong></span> <span class='ocrx_word' id='word_1_240' title='bbox 1137 3863 1187 3928; x_wconf 87' lang='lat' dir='ltr'><strong>for</strong></span> <span class='ocrx_word' id='word_1_241' title='bbox 1213 3886 1314 3951; x_wconf 82' lang='lat' dir='ltr'><strong>many</strong></span> 
     </span>
     <span class='ocr_line' id='line_1_32' title="bbox 262 3962 1314 4051; baseline 0.002 -21"><span class='ocrx_word' id='word_1_242' title='bbox 262 3987 359 4051; x_wconf 88' lang='lat' dir='ltr'><strong>years</strong></span> <span class='ocrx_word' id='word_1_243' title='bbox 388 3966 445 4030; x_wconf 89' lang='lat' dir='ltr'><strong>the</strong></span> <span class='ocrx_word' id='word_1_244' title='bbox 474 3965 622 4051; x_wconf 83' lang='lat' dir='ltr'><strong>politicul</strong></span> <span class='ocrx_word' id='word_1_245' title='bbox 653 3985 765 4050; x_wconf 89' lang='lat' dir='ltr'><strong>power</strong></span> <span class='ocrx_word' id='word_1_246' title='bbox 803 3962 841 4028; x_wconf 89' lang='lat' dir='ltr'><strong>of</strong></span> <span class='ocrx_word' id='word_1_247' title='bbox 876 3963 1061 4041; x_wconf 81' lang='lat' dir='ltr'><strong>Lencoster‚</strong></span> <span class='ocrx_word' id='word_1_248' title='bbox 1101 3964 1167 4029; x_wconf 87' lang='lat' dir='ltr'><strong>ond</strong></span> <span class='ocrx_word' id='word_1_249' title='bbox 1199 3965 1264 4030; x_wconf 87' lang='lat' dir='ltr'><strong>hod</strong></span> <span class='ocrx_word' id='word_1_250' title='bbox 1294 3989 1314 4032; x_wconf 85' lang='lat' dir='ltr'><strong>a</strong></span> 
     </span>
     <span class='ocr_line' id='line_1_33' title="bbox 263 4065 1314 4155; baseline 0.001 -24"><span class='ocrx_word' id='word_1_251' title='bbox 263 4066 400 4132; x_wconf 83' lang='lat' dir='ltr'><strong>marked</strong></span> <span class='ocrx_word' id='word_1_252' title='bbox 429 4067 589 4130; x_wconf 88' lang='lat' dir='ltr'><strong>influenec</strong></span> <span class='ocrx_word' id='word_1_253' title='bbox 613 4088 656 4131; x_wconf 88' lang='lat' dir='ltr'><strong>on</strong></span> <span class='ocrx_word' id='word_1_254' title='bbox 682 4065 732 4130; x_wconf 91' lang='lat' dir='ltr'><strong>his</strong></span> <span class='ocrx_word' id='word_1_255' title='bbox 760 4065 927 4130; x_wconf 78' lang='lat' dir='ltr'><strong>character</strong></span> <span class='ocrx_word' id='word_1_256' title='bbox 949 4066 1015 4129; x_wconf 87' lang='lat' dir='ltr'><strong>and</strong></span> <span class='ocrx_word' id='word_1_257' title='bbox 1042 4066 1157 4152; x_wconf 89' lang='lat' dir='ltr'><strong>policy.</strong></span> <span class='ocrx_word' id='word_1_258' title='bbox 1205 4067 1314 4155; x_wconf 86' lang='lat' dir='ltr'><strong>Stung</strong></span> 
     </span>
     <span class='ocr_line' id='line_1_34' title="bbox 263 4166 1313 4254; baseline 0.004 -24"><span class='ocrx_word' id='word_1_259' title='bbox 263 4169 346 4234; x_wconf 90' lang='lat' dir='ltr'><strong>with</strong></span> <span class='ocrx_word' id='word_1_260' title='bbox 372 4168 454 4254; x_wconf 89' lang='lat' dir='ltr'><strong>deep</strong></span> <span class='ocrx_word' id='word_1_261' title='bbox 486 4189 634 4243; x_wconf 85' lang='lat' dir='ltr'><strong>remorse,</strong></span> <span class='ocrx_word' id='word_1_262' title='bbox 670 4189 718 4231; x_wconf 88' lang='lat' dir='ltr'><strong>we</strong></span> <span class='ocrx_word' id='word_1_263' title='bbox 748 4189 802 4231; x_wconf 81' lang='lat' dir='ltr'><strong>are</strong></span> <span class='ocrx_word' id='word_1_264' title='bbox 833 4167 913 4241; x_wconf 92' lang='lat' dir='ltr'><strong>told,</strong></span> <span class='ocrx_word' id='word_1_265' title='bbox 938 4166 989 4230; x_wconf 86' lang='lat' dir='ltr'><strong>for</strong></span> <span class='ocrx_word' id='word_1_266' title='bbox 1011 4167 1066 4231; x_wconf 92' lang='lat' dir='ltr'><strong>the</strong></span> <span class='ocrx_word' id='word_1_267' title='bbox 1098 4169 1242 4234; x_wconf 84' lang='lat' dir='ltr'><strong>miserics</strong></span> <span class='ocrx_word' id='word_1_268' title='bbox 1273 4169 1313 4234; x_wconf 89' lang='lat' dir='ltr'><strong>hc</strong></span> 
     </span>
     <span class='ocr_line' id='line_1_35' title="bbox 263 4269 1313 4357; baseline 0.002 -23"><span class='ocrx_word' id='word_1_269' title='bbox 263 4269 328 4335; x_wconf 88' lang='lat' dir='ltr'><strong>had</strong></span> <span class='ocrx_word' id='word_1_270' title='bbox 353 4270 497 4357; x_wconf 87' lang='lat' dir='ltr'><strong>brought</strong></span> <span class='ocrx_word' id='word_1_271' title='bbox 531 4292 573 4336; x_wconf 93' lang='lat' dir='ltr'><strong>on</strong></span> <span class='ocrx_word' id='word_1_272' title='bbox 604 4269 655 4333; x_wconf 87' lang='lat' dir='ltr'><strong>his</strong></span> <span class='ocrx_word' id='word_1_273' title='bbox 687 4275 835 4354; x_wconf 86' lang='lat' dir='ltr'><strong>country,</strong></span> <span class='ocrx_word' id='word_1_274' title='bbox 871 4269 912 4332; x_wconf 96' lang='lat' dir='ltr'><strong>he</strong></span> <span class='ocrx_word' id='word_1_275' title='bbox 944 4269 1112 4334; x_wconf 87' lang='lat' dir='ltr'><strong>remained</strong></span> <span class='ocrx_word' id='word_1_276' title='bbox 1145 4270 1196 4336; x_wconf 86' lang='lat' dir='ltr'><strong>sor</strong></span> <span class='ocrx_word' id='word_1_277' title='bbox 1225 4293 1313 4336; x_wconf 81' lang='lat' dir='ltr'><strong>some</strong></span> 
     </span>
    </p>
   </div>
   <div class='ocr_carea' id='block_1_3' title="bbox 269 4485 1103 4493">
    <p class='ocr_par' dir='ltr' id='par_1_5' title="bbox 269 4485 1103 4493">
     <span class='ocr_line' id='line_1_36' title="bbox 269 4485 1103 4493; baseline -0.001 0"><span class='ocrx_word' id='word_1_278' title='bbox 269 4487 336 4493; x_wconf 54' lang='lat' dir='ltr'><strong>..es-0-</strong></span> <span class='ocrx_word' id='word_1_279' title='bbox 366 4488 398 4492; x_wconf 84' lang='lat'><strong>...</strong></span> <span class='ocrx_word' id='word_1_280' title='bbox 425 4489 428 4491; x_wconf 36' lang='lat' dir='ltr'><strong>r</strong></span> <span class='ocrx_word' id='word_1_281' title='bbox 458 4488 461 4491; x_wconf 72' lang='grc'><em>,</em></span> <span class='ocrx_word' id='word_1_282' title='bbox 516 4485 1027 4492; x_wconf 57' lang='lat'>-..-.—----—-—-—-----——--.</span> <span class='ocrx_word' id='word_1_283' title='bbox 1050 4488 1103 4492; x_wconf 75' lang='grc'><em>--.-</em></span> 
     </span>
    </p>
   </div>
   <div class='ocr_carea' id='block_1_4' title="bbox 492 4630 1081 4692">
    <p class='ocr_par' dir='ltr' id='par_1_6' title="bbox 492 4630 1081 4692">
     <span class='ocr_line' id='line_1_37' title="bbox 492 4630 1081 4692; baseline 0.003 -12"><span class='ocrx_word' id='word_1_284' title='bbox 492 4634 499 4662; x_wconf 87' lang='lat'>¹</span> <span class='ocrx_word' id='word_1_285' title='bbox 519 4631 557 4681; x_wconf 83' lang='lat' dir='ltr'><strong>De</strong></span> <span class='ocrx_word' id='word_1_286' title='bbox 568 4631 691 4689; x_wconf 66' lang='lat' dir='ltr'><strong>Faeclesia,</strong></span> <span class='ocrx_word' id='word_1_287' title='bbox 704 4630 760 4681; x_wconf 79' lang='lat' dir='ltr'><strong>MS.</strong></span> <span class='ocrx_word' id='word_1_288' title='bbox 773 4630 958 4692; x_wconf 59' lang='lat' dir='ltr'><strong>henieccccr.</strong></span> <span class='ocrx_word' id='word_1_289' title='bbox 970 4631 1011 4682; x_wconf 79' lang='lat' dir='ltr'><strong>fol.</strong></span> <span class='ocrx_word' id='word_1_290' title='bbox 1026 4636 1081 4686; x_wconf 76' lang='lat'><strong>166,</strong></span> 
     </span>
    </p>
   </div>
   <div class='ocr_carea' id='block_1_5' title="bbox 0 0 1590 5490">
    <p class='ocr_par' dir='ltr' id='par_1_7' title="bbox 0 0 1590 5490">
     <span class='ocr_line' id='line_1_38' title="bbox 0 0 1590 5490; baseline 0 0"><span class='ocrx_word' id='word_1_291' title='bbox 0 0 1590 5490; x_wconf 95' lang='lat' dir='ltr'><strong> </strong></span> 
     </span>
    </p>
   </div>
  </div>
 </body>
</html>
