3008 5490
427 767 646 821 sunmerso
670 769 881 822 nonnarum.
1108 755 1173 822 509

129 960 235 1022 mater
265 954 410 1021 omnium
445 956 657 1035 eeclesiarum,
692 959 869 1024 seeundum
906 957 994 1045 leges
1028 957 1176 1023 eeclesiae.

129 1059 229 1124 Modo
251 1057 394 1145 perfecta
417 1058 498 1124 fides
520 1060 648 1147 regulet
671 1067 705 1126 81
731 1062 860 1127 credere
891 1064 924 1126 81
955 1060 1067 1136 faeere,
1096 1061 1176 1146 qnia

129 1159 231 1226 Fides
260 1158 335 1226 siae
373 1159 531 1247 8888811188
567 1169 706 1229 monstro
747 1163 811 1229 est¹
879 1162 934 1229 Illi
965 1168 1076 1228 autem
1118 1183 1177 1228 neo

129 1263 266 1328 eredunt
290 1264 326 1327 in
352 1264 515 1329 unitatem
538 1264 636 1350 hujus
659 1265 807 1343 eoolesiae,
835 1267 914 1351 quia
943 1265 1079 1331 credunt
1104 1286 1177 1330 eam

129 1366 375 1441 schismaticam,
416 1386 476 1430 888
510 1366 636 1432 faciunt
673 1367 716 1432 ad
753 1369 915 1433 unitatem
952 1367 1062 1454 ipsius,
1098 1367 1178 1453 quia

10 1522 13 1528 .
129 1468 284 1532 dividunt
314 1489 348 1532 se
378 1468 420 1531 ab
450 1468 507 1532 illa
519 1492 527 1548 ;
564 1467 617 1534 vel
644 1469 760 1535 saltem
791 1469 947 1555 quioquid
973 1470 1107 1534 credant
1138 1470 1178 1534 de

129 1571 258 1634 unitate
285 1569 372 1634 illius
394 1570 543 1646 eoolesioe,
567 1570 649 1635 nihil
675 1570 800 1636 faciunt
826 1572 869 1636 841
895 1571 1058 1636 unitatem
1081 1571 1177 1648 illius,

130 1672 187 1736 sed
219 1675 332 1736 contra
364 1693 443 1736 888.
490 1671 560 1736 Ν88
586 1677 697 1738 88188
724 1695 742 1739 8
769 1679 881 1738 eontra
903 1677 937 1738 81
960 1673 1120 1737 oredimus
1142 1673 1180 1737 in

130 1797 209 1850 eam,
226 1779 260 1838 81
283 1772 417 1838 facimus
439 1774 482 1838 841
505 1774 723 1840 reducendum
746 1775 885 1840 11188841
906 1796 986 1840 eam
1035 1775 1080 1838 Et
1102 1775 1179 1860 quia

129 1877 174 1941 sic
197 1868 412 1940 discesserunt
433 1876 476 1940 ab
499 1875 684 1942 obedientia
710 1878 780 1942 veri
805 1899 899 1963 papae
925 1880 959 1942 et
986 1876 1028 1941 ab
1049 1876 1178 1941 unitate

129 1978 276 2054 eeclesiae,
317 1977 390 2042 ideo
435 1977 561 2043 licitum
600 1984 650 2044 est
687 1979 837 2065 persequi
874 2000 928 2044 eos
971 1977 1180 2065 corporaliter

130 2082 298 2166 usquead
321 2085 467 2156 mortem,
492 2079 556 2144 nisi
586 2079 690 2145 velint
720 2080 816 2144 aliter
846 2080 974 2145 reverti.
1022 2079 1064 2144 In
1087 2079 1179 2164 enjus

129 2184 268 2268 figuram
307 2181 469 2246 Dominus
513 2181 582 2267 ipse
622 2180 722 2266 jussit
767 2181 802 2246 in
847 2186 944 2247 textu
982 2180 1063 2268 legis
1100 2203 1177 2259 888,

131 2285 228 2349 Dent.
268 2300 354 2347 xvn.
396 2285 446 2359 12,
502 2283 590 2369 quod
643 2284 748 2348 omnis
793 2283 851 2369 qui
896 2284 997 2349 nollet
1048 2283 1180 2349 obedire

131 2385 266 2473 imperio
302 2384 422 2450 summi
453 2385 626 2450 sacerdotis
656 2385 714 2471 qui
744 2391 829 2451 esset
858 2407 917 2471 pro
946 2390 1090 2471 tempore
1121 2407 1180 2450 suo

130 2488 376 2554 interficeretur.
449 2487 495 2551 Et
540 2491 675 2573 propter
719 2486 905 2572 hujusmodi
950 2486 1098 2566 schisma,
1144 2488 1179 2551 in

129 2593 259 2677 signum
281 2589 370 2676 quod
392 2588 534 2653 maxime
558 2589 628 2653 odit
652 2588 735 2654 illud
758 2590 926 2667 Dominus,
950 2588 1019 2676 ipse
1041 2589 1181 2675 sumpsit

130 2694 335 2764 durissimam
388 2691 547 2756 ultionem
596 2713 693 2778 super
742 2697 808 2756 tres
860 2691 1000 2756 familias
1054 2690 1178 2767 chora,

131 2796 250 2873 Datan,
281 2800 316 2859 et
348 2793 496 2879 Abyron,
530 2793 569 2858 ut
591 2797 684 2880 patet
707 2793 805 2859 Num
837 2809 917 2868 xva,
948 2793 1007 2858 ubi
1040 2793 1181 2859 habetur

129 2898 218 2983 quod
247 2896 325 2961 fecit
354 2902 475 2962 terram
505 2895 677 2962 absorbere
699 2917 753 2961 eos
775 2916 886 2960 omnes
921 2894 1054 2960 insimul
1084 2896 1180 2961 vivos

129 3001 165 3064 in
205 2998 369 3064 infernum
407 3020 480 3063 888
519 3000 670 3064 omnibus
707 2996 893 3063 hominibus
941 3002 975 3062 81
1009 2997 1177 3081 jumentis,

130 3100 281 3166 domibus
305 3106 339 3165 81
364 3099 491 3165 satellis
517 3121 591 3186 888
615 3100 825 3187 pertinebant
847 3101 890 3165 841
912 3121 974 3175 888,
999 3104 1033 3164 81
1054 3121 1122 3164 888
1136 3099 1180 3165 81)

129 3203 219 3268 aliud
241 3202 305 3266 nisi
328 3202 407 3287 quia
428 3202 491 3287 ipsi
513 3201 704 3266 dividebant
726 3202 889 3267 unitatem
904 3201 1017 3288 populi
1041 3200 1178 3280 Israelis,

130 3311 324 3391 usurpantes
348 3304 411 3368 sibi
438 3303 592 3368 41888188
616 3303 686 3387 ejus
706 3310 741 3369 81
764 3304 980 3369 saoerdotium
1000 3304 1089 3388 quod
1108 3325 1181 3390 per«

129 3409 233 3474 tinuit
257 3406 301 3471 ad
325 3406 463 3490 Moysen
490 3410 524 3470 81
550 3405 669 3470 Aaron
727 3405 863 3469 Dicunt
881 3405 982 3470 etiam
1012 3405 1100 3489 quod
1130 3404 1180 3470 illi

130 3509 203 3597 qui'
233 3513 368 3573 movent
404 3506 551 3571 homines
590 3504 711 3572 bellare
748 3511 862 3572 eontra
898 3506 1066 3593 Hispanos
1103 3510 1181 3572 sunt

131 3618 227 3678 extra
256 3610 436 3684 earitatem,
461 3612 496 3673 et
526 3608 621 3673 obliti
650 3613 729 3673 sunt
758 3609 848 3672 illam
872 3615 999 3695 partem
1024 3609 1180 3675 orationis

130 3714 309 3787 dominieae,
333 3710 479 3778 Dimitte
505 3708 603 3775 nobie
626 3708 738 3776 debito
761 3715 964 3790 8881888148
1019 3710 1086 3777 Η18
1108 3711 1181 3776 dieo

130 3817 219 3902 quod
234 3815 365 3900 ipsimet
386 3835 454 3878 non
476 3812 667 3898 intelligunt
689 3812 778 3899 quod
799 3812 952 3899 allegant,
969 3812 1047 3898 quia
1070 3812 1181 3880 (lhn's

129 3925 185 3984 tus
208 3920 243 3982 in
266 3916 323 3981 illa
344 3915 505 4002 petitione
520 3921 632 3981 monet
654 3936 714 3980 noa
736 3913 903 3980 dimittere
926 3913 1039 3981 debita
1059 3920 1179 3992 nostra,

130 4042 196 4085 888
227 4040 287 4084 sua
317 4018 369 4082 vel
399 4017 514 4083 aliena
559 4016 637 4081 Jam
660 4015 730 4082 1888
761 4016 884 4102 injuria
913 4036 1012 4101 quam
1039 4039 1125 4103 papa
1146 4020 1180 4081 et

130 4122 200 4186 dux
221 4119 392 4185 vindicant
412 4119 448 4183 in
473 4117 639 4204 Hispanos
660 4138 726 4182 non
748 4124 818 4182 tam
841 4121 891 4183 est
912 4117 1035 4202 injuria
1050 4118 1181 4203 propria

130 4242 340 4309 personarum
364 4241 496 4284 suamm
520 4239 619 4303 quam
648 4219 829 4284 eommunis
855 4217 977 4303 injuria
1000 4218 1124 4285 Christi
1146 4223 1181 4281 81

130 4325 234 4390 totius
258 4320 398 4387 eeclesia
428 4319 520 4404 cujus
549 4318 711 4385 unitatem
737 4320 800 4406 ipsi
823 4320 1015 4406 dispergunt
1040 4322 1075 4384 et
1096 4316 1181 4382 divi·

134 4541 244 4549 ..-.—-.

167 4677 373 4735 ’18888811
646 4669 652 4738 l
715 4667 797 4734 ²⁹⁸¹]
816 4664 965 4735 quamtis.
