3008 5490
393 696 576 750 risorem
598 698 825 750 zmarroamr
1095 691 1137 756 65

10 884 18 891 ”
81 882 197 950 seriem
241 883 409 972 signorum
458 884 600 951 exerceri
642 906 709 950 non
746 888 863 970 potest,
899 884 987 951 sicut
1024 892 1137 973 patere

83 990 210 1072 poteret
238 1007 282 1051 ex
310 986 455 1073 practica
483 1007 593 1051 rerum
623 986 791 1052 evidentia
798 1009 808 1064 ;
842 987 1025 1072 quinimmo
1065 989 1136 1054 Ma

81 1087 181 1173 gister
207 1109 301 1153 meus
329 1092 463 1153 tantum
493 1088 624 1153 extollit
653 1081 755 1174 signa,
782 1094 822 1153 ut
852 1088 940 1154 dieat
969 1111 1037 1154 non
1066 1112 1135 1156 esse

79 1187 224 1267 verbum,
249 1210 312 1255 nec
336 1190 483 1255 accidens
508 1189 602 1254 verbi
624 1189 660 1253 in
685 1188 856 1275 Scriptura
877 1210 968 1255 sacra
989 1191 1133 1276 positum

79 1287 202 1375 abque
237 1291 380 1356 notabili
418 1312 523 1368 eausa,
559 1291 640 1376 quia
684 1290 751 1355 fere
789 1291 957 1376 quodlibet
994 1293 1133 1357 verbum

78 1389 222 1456 includit
242 1392 446 1476 mysterium

124 1490 226 1556 vm
247 1491 410 1560 Praeterea
438 1493 614 1610 distinguit
644 1494 802 1582 Magister
830 1494 918 1560 inter
943 1495 1072 1581 signum
1096 1502 1268 1572 etmhj,

78 1591 258 1678 signatum
271 1595 354 1662 deut
375 1595 495 1661 inter'
485 1595 669 1712 imaginem,
694 1602 728 1661 et
750 1602 923 1674 sanctum3
945 1601 979 1659 et
1001 1596 1127 1672 merito,
1141 1583 1284 1637 dmm

77 1699 243 1778 quantum
276 1696 318 1762 ad
353 1696 566 1783 incomplexa
597 1697 677 1783 quia
713 1697 880 1784 signatum
914 1695 968 1759 vel
1005 1696 1128 1781 signifi-
1120 1647 1251 1781 {iffi

75 1799 189 1860 catum
223 1794 320 1882 liujus
357 1798 492 1863 termini
523 1798 627 1875 Deus,
655 1804 706 1863 est
735 1818 901 1863 summum
930 1797 1062 1874 bonum,
1094 1804 1177 1897 et
1140 1782 1189 1830 ⁸¹¹⁶
1200 1782 1243 1832 ὼε

73 1896 181 1962 omnis
204 1899 390 1965 sanctitatis
418 1899 621 1986 principium.
668 1898 769 1965 Sed
759 1921 795 1962 ιιι
818 1898 1017 1963 veritatibus
1043 1920 1127 1965 oom-
1113 1847 1273 1965 -ιιιᾞςιεὶ8

71 1997 178 2084 plexis
218 2001 395 2086 edaequate
438 2022 550 2067 eorum
591 2001 774 2087 significata
814 2020 882 2065 non
920 1999 1019 2065 didici
1059 2023 1127 2067 esse

72 2101 269 2178 veneranda,
294 2123 371 2167 cum
396 2101 464 2167 sint
487 2102 619 2189 majoris
644 2101 814 2188 dignitatis
837 2107 872 2168 et
893 2101 1058 2169 virtutis
1048 2125 1127 2190 ipsae

73 2202 312 2288 propositiones
342 2203 485 2289 prolatae,
521 2225 620 2289 quam
657 2203 835 2289 complexae
871 2204 1027 2269 veritates
1064 2206 1129 2290 sig-

73 2308 163 2369 meae
175 2328 185 2383 3
222 2305 304 2390 quia
334 2304 425 2370 nulla
461 2304 538 2371 talis
566 2305 689 2370 veritos
711 2310 761 2370 est
784 2304 874 2369 Deus
896 2306 949 2370 vel
971 2310 1128 2372 creatura

72 2400 175 2471 Unde
203 2406 233 2470 si
262 2406 413 2472 venerari
443 2407 568 2483 debeat,
601 2406 710 2472 nescio
746 2427 790 2470 an
825 2406 888 2471 sibi
930 2412 1128 2493 competeret

72 2505 165 2571 dulia
193 2507 250 2572 vel
278 2507 397 2587 latria3
427 2508 524 2573 credo
553 2514 665 2573 tamen
690 2507 799 2592 potius
830 2507 918 2592 quod
947 2513 1033 2573 esset
1058 2509 1127 2573 ido-

67 2605 166 2672 latris
190 2608 295 2693 juxta
317 2610 516 2674 sententiam
542 2608 693 2695 Apostoli
715 2609 852 2674 dicentis
875 2609 964 2692 qnod
989 2607 1128 2674 Melum

65 2706 165 2774 aiail
186 2707 253 2775 cat.1
301 2709 480 2797 Distingao
503 2732 579 2798 ergo
606 2716 640 2775 et
664 2732 731 2796 ego,
759 2732 834 2774 cum
862 2709 1021 2794 Magistro
1042 2731 1124 2787 meo,

64 2809 156 2875 inter
187 2810 320 2898 signum
353 2818 387 2877 et
418 2813 604 2899 signatum3
638 2834 706 2877 non
736 2817 850 2876 tamen
879 2810 928 2874 ita
953 2816 1126 2875 contemno

64 2910 210 2998 signum,
233 2919 275 2978 ut
298 2914 428 2979 credam
458 2913 540 2979 illud
569 2936 637 2978 esse
668 2912 889 2999 superfluum
913 2932 972 2975 nec
995 2911 1044 2976 ita
1070 2933 1127 2975 ex-

67 3012 149 3078 tollo
179 3015 387 3101 complexum
417 3015 589 3101 signatum,
624 3020 662 3078 ut
693 3019 806 3100 putem
836 3012 918 3076 illud
949 3033 1017 3076 esse
1047 3033 1126 3097 quo-

65 3113 220 3180 vismodo
244 3117 476 3181 venerandum

111 3215 262 3281 Ulterius
284 3217 423 3303 allegavi
447 3218 535 3303 quod
559 3217 587 3281 si
614 3217 718 3282 omnis
741 3214 928 3301 hujusmodi
950 3216 1127 3302 figurativa

63 3318 189 3384 locutio
218 3319 356 3384 inferret
381 3320 640 3385 conformitatem
665 3341 707 3382 ex
731 3325 824 3404 parte
846 3319 912 3397 rei3
946 3324 1026 3384 tunc
1048 3341 1126 3384 vere

63 3419 229 3484 diceretur
264 3420 353 3504 quod
383 3420 480 3486 homo
510 3427 560 3485 est
582 3422 685 3494 arbor,
710 3420 798 3504 quod
823 3442 896 3484 caro
928 3425 977 3486 est
1003 3420 1124 3498 senum,

63 3527 99 3585 et
132 3521 182 3584 ita
213 3521 254 3585 de
289 3516 458 3597 similibus,
498 3544 572 3607 quae
609 3522 737 3605 proprie
773 3520 934 3605 loquendo
964 3523 1124 3585 verificari

61 3642 131 3686 non
168 3629 315 3707 possunt.
373 3622 443 3687 Ubi
482 3624 561 3687 dicit
600 3623 758 3708 Magister
795 3624 882 3707 quod
918 3643 986 3684 non
1022 3623 1125 3706 probo

62 3725 344 3809 consequentiam,
379 3731 606 3790 verumtamen
641 3725 736 3789 credo
770 3745 823 3787 me
848 3744 983 3809 arguere
1008 3722 1125 3788 suffiei-

10 3889 12 3892 .
61 3830 157 3890 enter
178 3826 217 3888 in
246 3825 308 3890 hac
330 3832 423 3912 purte
449 3829 557 3912 quoad
583 3826 780 3891 sententiam
804 3824 988 3910 Scripturas.
1034 3825 1124 3889 Nam

60 3926 160 3992 Isaiae
176 3925 245 3991 ιι2
271 3926 301 4001 7,
328 3931 357 4004 8,
383 3927 543 4005 scribitur,
570 3927 695 3993 Occisis
719 3947 797 3991 coro
814 3925 950 4010 fencem,
976 3931 1010 3990 et
1040 3927 1123 3992 Vere

53 4027 185 4113 fenum
208 4035 256 4093 eat
273 4028 451 4113 populoe;
475 4030 563 4114 quod
589 4030 724 4114 exponit
751 4030 863 4092 doctor
889 4029 929 4091 de
953 4026 1060 4112 Lyra³
1083 4029 1123 4093 dc

60 4130 196 4194 homine
220 4130 394 4194 carnaliter
419 4131 561 4207 vivente,
590 4131 647 4216 qui
673 4131 784 4194 fenum
809 4129 928 4192 dicitur
949 4151 1006 4213 per
1021 4135 1123 4193 meta-

61 4231 209 4317 phoram.
258 4231 418 4296 Similiter
437 4232 589 4298 Matthaei
605 4249 654 4295 111.
672 4234 713 4295 10
730 4231 857 4308 dicitur,
882 4230 969 4296 Jom
992 4230 1121 4295 securis

98 4530 105 4559 ¹
122 4533 132 4577 l
147 4528 206 4579 Cor.
219 4530 271 4578 viii.
286 4536 310 4579 4.
656 4534 666 4563 ³
677 4532 710 4584 N.
722 4534 753 4584 de
763 4533 840 4598 Lyra,
851 4533 944 4597 Expos.
955 4533 982 4583 in
994 4534 1092 4585 Isaiam.

97 4608 178 4672 ²11..]
192 4622 277 4671 mix„
291 4609 345 4660 MS.

1012 4710 1034 4758 Ε
