3008 5490
246 670 290 737 82
554 677 732 732 ruscrcuu
755 676 982 735 zrzuuroeun.
1088 646 1093 655 ’

78 896 210 953 argument
245 871 310 937 alia
328 870 435 936 minus
457 868 597 956 perfecte
617 888 816 953 cognoscere,
832 867 890 933 sed
911 889 1007 933 omne
1029 867 1185 954 possibile
1206 868 1295 937 Deus

78 957 215 1071 lffthbemd
245 974 384 1061 perfecte
423 971 605 1057 cognoscit;
642 992 719 1056 ergo
756 969 970 1036 essentialiter
1007 970 1174 1049 intuitive,
1211 973 1296 1040 sicut

79 1087 230 1151 equalityof
245 1076 408 1162 cognoscit
430 1073 562 1159 aliquod
583 1093 731 1158 praesens,
752 1072 801 1137 ita
823 1072 987 1158 cognoscit
1006 1094 1103 1138 omne
1123 1074 1295 1158 possibiler

78 1150 232 1285 fflffiege
245 1183 279 1243 et
294 1183 405 1243 tamen
420 1198 460 1242 ex
476 1175 536 1240 hoo
558 1196 624 1239 non
646 1173 795 1259 sequitur
817 1174 914 1260 quod·
930 1196 1026 1240 omne
1049 1175 1203 1260 possibile
1226 1182 1294 1256 est;

244 1280 347 1366 igitur
362 1280 390 1343 si
411 1298 436 1343 a
457 1277 501 1342 sit
522 1275 672 1363 possibile
694 1296 760 1341 non
782 1276 932 1352 existens,
948 1281 1015 1341 stat
1040 1277 1149 1342 Deum
1173 1278 1294 1344 intueri

245 1404 276 1457 c,
293 1387 327 1446 et
346 1403 370 1445 c
390 1402 457 1445 non
474 1400 550 1444 esse.
595 1378 835 1463 Consequentia
853 1383 953 1464 patet,
974 1383 1008 1443 et
1026 1378 1154 1456 minor3
1178 1377 1291 1465 major¹

244 1505 323 1548 vero
350 1483 395 1547 sic
421 1482 577 1568 arguitur.
623 1479 660 1545 Si
685 1480 775 1544 Deus
797 1480 905 1544 minus
923 1479 1064 1566 perfecte
1089 1488 1294 1567 cognosceret

246 1609 269 1651 α
284 1608 382 1671 quam
398 1585 424 1661 b,
441 1606 515 1650 cum
530 1582 639 1648 omnia
653 1582 778 1669 possint
792 1582 960 1666 aequaliter
974 1582 1132 1668 cognosci,
1144 1583 1293 1649 seiteina

248 1689 327 1764 Deo,
345 1691 533 1774 sequeretur
548 1685 635 1770 quod
658 1682 748 1748 Deus
762 1688 871 1768 posset
885 1682 1039 1769 proficere
1059 1684 1095 1749 in
1110 1686 1295 1771 cognitione

247 1813 364 1866 rerum,
381 1795 415 1855 et
437 1788 497 1854 hoc
512 1786 696 1873 cognitione
718 1786 913 1866 intrinseca;
934 1807 1133 1870 consequens
1147 1787 1293 1854 absolute

247 1893 451 1979 impossibile,
468 1891 546 1975 quia
560 1894 638 1953 tunc
654 1886 756 1952 Deus²
770 1894 853 1952 esset
867 1909 910 1953 ex
924 1909 958 1952 se
972 1888 1149 1954 mutabilis.

292 1994 359 2059 Pro
389 1993 593 2079 responsione
617 1990 660 2054 ari
682 1989 854 2054 materiam
877 1990 972 2054 istius
995 1991 1191 2075 argumenti,
1216 1991 1296 2057 dicit

247 2096 408 2180 Magister
434 2115 525 2158 meus
551 2092 747 2157 reverendus
776 2092 864 2177 quod
894 2092 1004 2155 omnia
1032 2092 1201 2177 possibilia
1228 2115 1296 2158 non

247 2196 421 2262 existentia
443 2194 532 2259 Deus
556 2193 720 2278 cognoscit
742 2215 834 2277 oeque
859 2193 1000 2279 perfecte
1022 2193 1107 2258 sicut
1128 2195 1297 2280 praeterita

248 2304 283 2363 et
300 2297 419 2372 futura,
443 2317 510 2360 non
528 2300 639 2360 tamen
660 2295 808 2361 intuetur
826 2317 871 2372 eo,
890 2295 948 2361 sed
968 2296 1132 2381 cognoscit
1155 2296 1296 2383 simplici

248 2397 510 2486 apprehensione.

82 2511 237 2561 Tovhicha
295 2505 322 2566 1.
342 2500 452 2564 Primo
470 2504 580 2564 tamen
600 2503 714 2563 contro
736 2499 824 2564 istud
841 2519 942 2585 arguo
960 2500 1016 2568 sic.
1063 2498 1217 2584 Cognitio
1232 2498 1296 2565 Dei

81 2578 214 2693 ἓξὲξ,
249 2607 426 2690 protento
450 2601 570 2665 dicitur
599 2601 681 2665 visio
711 2602 765 2665 vel
794 2601 936 2677 intuitio,
962 2601 1040 2686 quia
1066 2601 1153 2665 clara
1183 2607 1233 2667 est
1263 2608 1297 2668 et

82 2708 165 2774 given
250 2709 370 2791 aperta,
391 2704 444 2768 cui
464 2702 547 2766 nihil
566 2703 614 2767 rei
632 2703 770 2787 cognitae
789 2703 871 2768 latet
889 2703 942 2767 vel
963 2701 1064 2767 latere
1082 2707 1218 2792 potest:
1240 2703 1298 2769 scd

250 2828 343 2891 reque
358 2806 442 2870 clare
457 2811 491 2869 et
505 2809 615 2890 aperte
630 2804 737 2888 quoad
759 2825 870 2868 ornnes
889 2804 1148 2869 circumstantias
1162 2805 1297 2870 visionis
1339 2812 1350 2831 ⁶

250 2908 413 2992 cognoscit
440 2906 530 2970 Deus
549 2905 714 2991 possibilia
733 2927 798 2970 non
818 2905 1000 2982 existentia,
1024 2906 1109 2969 sicut
1130 2906 1298 2992 praeteritc

250 3011 304 3073 vel
318 3009 449 3084 futurn3
472 3029 548 3092 ergo
563 3006 676 3070 divina
690 3007 831 3091 cognitio
846 3013 993 3092 respectu
1012 3007 1216 3092 possibilium
1231 3030 1297 3073 non

250 3110 460 3174 existentium
482 3130 573 3193 seque
594 3113 644 3172 est
666 3108 798 3173 intuitio
823 3109 907 3172 sicut
930 3109 1012 3173 visio
1035 3110 1277 3193 praeteritorum
1289 3135 1297 3189 ;

251 3219 284 3276 et
304 3233 362 3297 per
377 3232 573 3295 consequens
588 3209 678 3273 Deus
695 3210 842 3273 intuetur
856 3231 922 3273 non
944 3209 1116 3295 [tantum]³
1130 3213 1298 3297 praeterita

250 3314 303 3377 vel
318 3314 437 3389 futura,
450 3314 507 3376 sed
522 3312 620 3376 etiem
636 3312 801 3396 possibilia
815 3333 881 3375 non
896 3312 1078 3376 existentia.

296 3419 324 3479 2.
349 3415 496 3480 Secundo
519 3414 668 3499 arguitur
697 3413 739 3476 sd
765 3412 851 3476 idem
878 3415 929 3477 sic
976 3413 1077 3500 Signo
1100 3437 1123 3478 c
1146 3416 1298 3500 possibile

251 3540 316 3582 non
339 3520 488 3593 existens,
512 3523 546 3582 et
563 3517 666 3580 formo
689 3515 784 3579 istam
807 3516 975 3580 rationem.
1022 3515 1297 3603 Qualitercunque

252 3622 341 3686 Deus
366 3621 527 3707 cognoscit
551 3642 574 3684 c
598 3640 665 3682 esse
692 3617 865 3703 cognitum,
890 3617 931 3680 ab
956 3619 1067 3682 eodem
1090 3619 1202 3684 terliter
1226 3643 1298 3706 cog·

251 3725 355 3787 noscit
369 3745 411 3799 c;
434 3723 491 3785 sed
513 3721 667 3784 intuitive
691 3720 780 3783 Deus
803 3720 966 3804 cognoscit
980 3742 1010 3784 α.
1058 3719 1298 3807 Consequentia

251 3829 343 3909 patet
357 3843 398 3885 ex
413 3822 517 3884 forma
535 3821 719 3897 discursive,
742 3826 776 3886 et
798 3821 902 3907 major
924 3843 966 3886 ex
988 3822 1048 3886 hoc
1071 3824 1158 3907 quod
1181 3826 1299 3910 impos-

252 3923 344 3987 sibile
368 3927 418 3985 est
441 3944 464 3985 c
487 3920 672 4005 aliqualiter
696 3925 842 4007 cognosci
866 3947 886 3988 c
909 3924 987 4001 Deo,
1014 3925 1077 3988 nisi
1101 3926 1229 3990 sciata
1253 3928 1298 3991 sic

253 4047 319 4089 esse
335 4024 500 4108 cognitum
516 4023 557 4086 ob
573 4041 618 4095 ec,
635 4024 713 4105 quio
731 4047 858 4089 omnem
875 4027 1066 4102 veritatem3
1093 4032 1127 4090 et
1142 4050 1159 4092 e
1175 4034 1295 4092 contra

254 4126 362 4191 Minor
400 4125 498 4192 etiem
536 4122 700 4213 probatur,
733 4127 853 4194 scilicet
889 4130 977 4213 quod
1014 4129 1169 4195 intuitive
1208 4130 1297 4197 Deus

291 4440 297 4468 ¹
311 4438 400 4502 minor]
414 4436 497 4486 minor
507 4444 539 4492 et.
552 4437 607 4486 MS.

237 4550 242 4561 .
286 4519 296 4547 ²
304 4524 385 4581 posset
402 4516 518 4580 proficere
532 4547 563 4557 -
573 4514 656 4578 Deos]
679 4513 750 4564 twice

252 4611 313 4645 orer
324 4597 349 4644 in
363 4595 417 4645 MS.

831 4494 840 4521 ³
852 4493 956 4559 tantum]
970 4492 1051 4543 notin
1063 4494 1119 4544 MS.
