3008 5490
265 718 309 783 60
577 727 757 782 rascrcum
778 725 1002 782 zrzimoaurt

98 921 252 985 Fissharau·
311 919 339 979 5.
363 914 488 995 Quinto
511 917 553 980 ad
577 916 665 980 idem
688 914 741 980 sic.
786 914 909 980 Anima
932 916 969 979 B.
994 914 1085 979 Petri
1115 915 1312 980 aeternaliter

96 993 172 1037 mm*
266 1015 350 1097 erit;
385 1038 459 1102 ergo
489 1018 600 1081 eadem
630 1018 741 1081 anima
769 1017 967 1082 aetemaliter
995 1015 1067 1080 fuit
1115 1016 1213 1081 Patet
1238 1038 1311 1082 oon-

265 1118 434 1202 sequentia
475 1138 534 1202 per
575 1118 769 1203 opinionem,
819 1124 853 1182 et
895 1125 974 1182 tunc
1015 1139 1056 1181 ex
1096 1123 1312 1203 consequente

263 1219 413 1303 arguitur
434 1218 487 1282 sic
533 1218 654 1282 Anima
677 1219 713 1282 B.
744 1217 835 1283 Petn'
865 1218 1063 1283 aeternaliter
1092 1219 1166 1296 fuit,
1190 1223 1224 1283 et
1246 1238 1312 1283 ncn

264 1319 460 1384 aeternaliter
485 1319 550 1383 suit
576 1320 611 1383 in
637 1320 697 1384 hoc
722 1319 874 1394 instante,
901 1341 960 1384 nec
989 1325 1064 1405 post
1090 1327 1151 1385 lroc
1176 1320 1311 1394 instans,

264 1442 340 1505 ergo
380 1420 577 1485 aeternaliter
616 1420 680 1484 fuit
719 1426 796 1484 ante
837 1420 906 1497 hoc,
944 1427 978 1484 et
1017 1442 1076 1505 per
1115 1442 1311 1506 consequens

264 1521 375 1584 anima
404 1521 439 1584 B.
464 1520 554 1585 Petri
584 1527 634 1586 est
663 1526 787 1586 aeterna
811 1544 832 1585 a
858 1526 950 1606 perte
979 1527 1065 1598 ante,
1097 1523 1186 1606 quod
1217 1523 1311 1586 credo

265 1621 460 1708 Magistrum
487 1644 596 1686 meum
622 1622 705 1686 velle
732 1643 857 1708 negare,
889 1623 968 1706 quia
997 1623 1077 1687 fides
1100 1622 1196 1708 ponit
1225 1623 1311 1708 quod

264 1725 350 1787 solus
367 1719 505 1808 [Deus]¹
530 1729 580 1788 est
602 1729 743 1789 aeternus
765 1746 786 1787 a
807 1728 900 1808 parte
922 1729 1007 1788 ante.

98 1821 253 1887 sixrhargu-
312 1827 339 1888 6.
364 1824 466 1888 Sexto
495 1825 547 1888 sic.
609 1825 715 1888 Omne
752 1824 840 1908 quod
868 1823 933 1888 fuit
963 1845 1089 1890 necesse
1120 1829 1170 1890 est
1203 1825 1310 1901 fuisse,

95 1894 171 1938 mena
265 1926 322 1989 sed
352 1947 417 1989 non
448 1946 542 1989 omne
572 1926 659 2009 quod
689 1926 751 1989 erit
780 1946 907 1990 necesse
933 1932 982 1990 est
1008 1926 1115 2002 fuisse,
1143 1948 1220 2012 ergo
1245 1947 1312 1990 non

264 2048 359 2089 omne
389 2026 476 2109 quod
506 2026 576 2102 erit,
607 2026 680 2090 fuit.
734 2026 974 2112 Consequentia
1011 2032 1103 2111 patet
1133 2028 1175 2091 de
1203 2049 1246 2104 se,
1278 2033 1312 2090 et

263 2126 365 2210 major
394 2125 481 2209 capit
504 2125 702 2190 evidentiam
730 2148 771 2190 ex
795 2126 891 2192 dictis
917 2127 1083 2191 Anselmi:
1117 2128 1195 2191 vide
1227 2127 1311 2193 Con-

261 2226 402 2290 cordiam
426 2224 644 2290 Praescientiae
668 2233 702 2290 et
718 2227 1018 2293 Praedestinationis
1042 2245 1062 2291 1.
1087 2227 1132 2303 5?
1156 2229 1215 2292 ubi
1237 2229 1309 2293 sio:

263 2335 280 2359 “
297 2327 339 2389 In
371 2323 461 2401 hoc,''
496 2326 615 2411 inquit,
645 2328 778 2413 “magis
812 2329 932 2393 similia
963 2334 1040 2393 sunt
1073 2335 1197 2393 aeterno
1228 2351 1310 2415 pne·

263 2436 280 2461 “
295 2429 381 2491 senti
408 2428 629 2512 temporaliter
658 2430 832 2513 praeterita,
854 2451 953 2514 quam
996 2430 1191 2514 praesentiat
1232 2451 1311 2515 quo-

262 2538 279 2561 “
295 2528 383 2592 niam
417 2551 491 2614 quae
520 2528 567 2592 ibi
595 2528 703 2606 sunt‚’'
729 2530 861 2611 (scilicet
898 2531 933 2592 in
964 2531 1161 2615 aetemitate)
1196 2540 1213 2564 “
1228 2553 1309 2594 nun-

263 2639 279 2664 “
295 2628 397 2714 'quam'
429 2636 565 2716 possunt
603 2632 668 2696 ncn
706 2652 773 2695 esse
809 2631 1005 2715 praesentia;
1043 2631 1128 2695 sicut
1166 2637 1309 2717 tempore

263 2739 280 2764 “
296 2732 463 2816 praeterita
491 2753 558 2796 non
588 2732 699 2796 valent
728 2734 889 2816 unquam¹
911 2731 1077 2817 praeterita
1114 2754 1182 2796 non
1220 2754 1308 2798 esse:

263 2841 280 2867 “
296 2833 470 2917 praesentia
495 2855 574 2897 vero
598 2837 743 2917 tempore
767 2833 876 2896 omnia
906 2854 979 2917 quae
1011 2838 1191 2910 transeunt,
1224 2835 1308 2898 fiunt

264 2943 280 2968 “
297 2956 361 2997 non
399 2931 599 3020 praesentia”
655 2934 709 2996 Ex
748 2955 812 3018 quo
851 2934 1006 3017 sequitur,
1047 2955 1120 2997 curn
1160 2955 1228 2998 non
1266 2936 1309 2998 sit

261 3035 364 3119 major
398 3037 481 3099 ratio
517 3037 556 3099 de
589 3057 655 3099 uno
692 3035 858 3119 praeterito
896 3056 994 3118 quam
1033 3035 1073 3097 de
1110 3035 1183 3111 alio,
1224 3036 1309 3121 quod

262 3158 357 3198 omne
373 3138 576 3218 praeteritum
590 3136 766 3200 necessario
785 3141 834 3198 est
852 3137 1074 3219 praeteritum3
1099 3138 1186 3220 quod
1210 3138 1307 3201 etiam

262 3257 304 3297 cx
329 3236 424 3297 dictis
450 3242 518 3298 tam
545 3237 807 3319 philosophorum
838 3258 935 3321 quam
960 3237 1184 3322 theologorum
1217 3246 1307 3322 patet

262 3336 295 3396 in
327 3334 486 3416 plerisque
527 3335 610 3396 locis.
665 3337 825 3401 Minorem
852 3359 928 3401 vero
959 3338 1004 3400 sic
1034 3339 1142 3422 probo
1175 3340 1306 3407 scilicet.

263 3434 340 3497 Non
371 3455 465 3495 omne
497 3435 583 3515 quod
607 3435 669 3498 erit
702 3459 828 3501 necesse
859 3445 907 3501 est
938 3438 1043 3514 fuisse,
1077 3439 1155 3521 quia
1186 3441 1309 3525 aliquid

264 3535 326 3598 erit
356 3535 442 3619 quod
478 3555 564 3597 nunc
595 3557 660 3599 non
693 3545 749 3615 est,
777 3561 836 3601 nec
866 3546 942 3603 ante
964 3539 1024 3602 hoc
1046 3539 1118 3614 fuit,
1150 3548 1185 3603 et
1216 3564 1308 3605 omne

265 3637 330 3700 tale
368 3635 592 3719 contingenter
628 3638 670 3700 ad
707 3640 901 3703 utrumlibet
935 3647 984 3703 est
1021 3639 1192 3720 futuru1n3
1236 3665 1309 3726 crgo

264 3738 371 3822 ipsum
396 3759 463 3799 esse
488 3737 539 3800 vel
564 3737 662 3801 luisse
684 3761 750 3802 non
776 3746 824 3803 est
848 3742 1068 3804 necessarium.

98 3817 207 3935 sevenpp
215 3832 254 3868 ω’
323 3837 351 3905 7.
386 3836 532 3920 Septimo
569 3839 789 3923 principaliter
828 3847 940 3905 eontra
979 3842 1076 3904 istam
1117 3843 1309 3925 positionem

96 3899 170 3946 gome
201 3921 207 3934 ’
266 3938 414 4022 arguitm·
440 3939 491 4001 sic.
538 3939 590 4000 Ex
617 3941 686 4023 ipsa
712 3942 859 4025 sequitur
885 3943 972 4025 quod
998 3942 1183 4025 quiernrque
1214 3946 1308 4008 semel

264 4039 443 4123 peccaverit
466 4041 653 4115 mortaliter,
688 4064 753 4105 non
778 4049 885 4126 potest
912 4043 952 4105 de
976 4050 1080 4106 cetero
1114 4043 1176 4106 Dei
1209 4047 1309 4130 legera

265 4141 441 4217 observare,
459 4163 516 4204 nec
532 4143 670 4226 perfecte
693 4143 859 4227 poenitere,
884 4165 957 4226 qure
980 4144 1139 4207 conclusio
1163 4167 1309 4228 expresse

264 4247 423 4327 repugnat
453 4242 528 4305 fidei
560 4267 624 4327 qua
654 4244 811 4308 credimus
849 4244 1068 4307 remissionem
1106 4251 1308 4328 peccatorum

302 4450 421 4457 ..p-Q
432 4451 504 4457 *um
527 4452 541 4458 ,
564 4455 570 4458 ,
600 4451 726 4460 afim-.-

297 4597 303 4628 ¹
317 4595 400 4661 Deua]
415 4597 525 4663 wanting
537 4599 561 4648 iu
574 4589 628 4649 llS.
774 4599 778 4666 Ι
829 4603 868 4652 ²1.
880 4602 909 4666 5]
929 4618 982 4666 cap.
995 4607 1018 4664 3,
1030 4602 1084 4653 litt
