3008 5490
274 221 317 285 82
585 227 767 282 rusticum
788 189 1011 280 unumunurn

105 450 184 504 rhen
319 418 399 484 Istas
428 423 495 485 tres
525 417 738 484 auctoritates
768 416 925 483 videntur
953 416 1097 483 multum
1118 418 1329 504 pregnantes

103 523 205 570 context
272 542 332 608 pro
353 521 414 586 hes
428 520 588 601 materia3
610 517 836 587 considerate
850 523 963 584 tumen
982 519 1019 584 in
1033 518 1207 586 intellectu
1222 517 1329 585 dicun·

103 588 260 702 ῗὴῗῖἶοῖᾗηε,
271 623 357 688 tium
380 623 474 688 credo
499 622 587 709 quod
610 623 774 687 modicum
798 621 920 687 facient
943 621 988 687 sd
1008 621 1223 709 prupositum.

103 740 232 792 mnus
318 725 425 803 Unde,
453 730 615 811 quantum
644 725 687 788 ad
716 724 867 811 primum,
896 727 946 790 est
971 723 1214 790 advertendum
1238 722 1328 811 qnod

104 807 164 860 ⁶¹¹2
271 828 392 894 uveni
430 828 575 894 doctores
613 826 828 892 diversimode
858 830 1028 913 exponunt
1060 824 1150 891 hune
1182 830 1326 905 enum,

273 929 371 1011 Quod
392 929 533 1016 sectum
562 935 608 995 cst
638 928 683 995 tu
711 927 789 1015 ipso
826 926 901 995 utto
931 925 1024 994 erut.⁸
1070 926 1326 1014 chysostomus

270 1033 359 1098 enim
389 1033 485 1098 aliter
513 1035 705 1098 connectens
741 1030 871 1096 literam
901 1029 948 1095 sic
977 1029 1080 1095 dicit:
1117 1028 1226 1096 “Sine
1255 1030 1326 1118 ipso

272 1144 289 1171 “
313 1136 436 1201 fuctum
451 1139 501 1201 est
515 1134 599 1199 nihil
617 1133 706 1219 quod
727 1132 851 1198 factum
873 1130 951 1198 est.”
995 1131 1042 1196 Et
1063 1136 1179 1218 postes
1201 1130 1323 1210 subdit

273 1246 290 1274 “
313 1239 349 1303 in
364 1239 434 1325 ipso
449 1239 521 1303 vita
540 1233 660 1301 erat.’'³
705 1234 750 1300 Et
770 1240 899 1300 constat
915 1232 1004 1320 quod
1017 1232 1064 1298 sic
1081 1234 1243 1300 sumendo
1263 1233 1325 1300 ists

272 1347 384 1405 textum
408 1346 458 1405 est
482 1339 694 1426 impertinens
718 1337 890 1423 proposito.
937 1336 1060 1401 Beatus
1074 1356 1154 1401 vero
1175 1335 1325 1403 Hilarius

271 1443 370 1507 refert
388 1442 448 1506 hoc
465 1442 509 1506 nd
524 1441 692 1507 Christum
716 1439 890 1516 hominem,
907 1438 1025 1516 dicens,
1051 1437 1181 1519 “Quod
1199 1439 1324 1505 fsctum

269 1551 288 1579 “
312 1551 362 1608 est
377 1544 413 1608 in
428 1544 497 1629 ipso
512 1543 585 1606 vite
599 1539 722 1619 erat;”‘
737 1541 817 1626 quis
836 1541 947 1606 omnis
963 1539 1051 1606 fecta
1069 1561 1128 1628 per
1143 1540 1323 1620 Christum,

269 1646 338 1709 sive
368 1666 466 1730 opera
490 1643 634 1720 Christi,
660 1648 754 1708 erant
789 1643 884 1709 nobie
919 1642 1042 1708 occasio
1075 1643 1165 1709 vitae.
1211 1643 1324 1711 Tertio

269 1747 405 1833 exponit
430 1746 466 1810 B.
492 1744 698 1832 Augustinus
724 1745 812 1810 hunc
835 1749 967 1811 textum
993 1745 1079 1810 sicut
1105 1746 1234 1811 dictum
1254 1754 1324 1827 est;

267 1870 327 1914 nec
350 1855 462 1913 tamen
486 1847 665 1932 requiritur
688 1853 851 1933 quantum
874 1848 918 1911 nd
943 1847 1042 1912 fidem
1065 1852 1106 1913 ut
1129 1847 1201 1934 ejus
1225 1871 1324 1936 expo-

268 1951 344 2016 sitio
359 1952 395 2015 in
409 1951 470 2016 hac
484 1955 577 2038 perte
592 1953 751 2014 tencatur.
799 1949 903 2033 Cujus
918 1950 1003 2015 ratio
1021 1953 1081 2028 est,
1097 1950 1178 2035 quia
1199 1950 1238 2016 B.
1253 1952 1323 2018 Au·

267 2054 418 2139 guntinus
440 2052 505 2118 fuit
524 2051 667 2116 multum
690 2051 858 2116 adhaerens
881 2051 1054 2116 sententiae
1078 2038 1321 2119 Platonicorum

268 2157 309 2220 de
323 2156 425 2235 ideis3
448 2160 482 2220 et
497 2154 570 2220 ideo
585 2153 742 2240 quioquid
763 2174 806 2218 ex
822 2151 999 2239 Scripturis
1013 2154 1056 2217 ad
1078 2153 1174 2219 illum
1192 2176 1321 2222 sensum

268 2258 422 2344 applicari
447 2257 565 2344 potuit,
592 2261 760 2342 gratanter
784 2254 829 2319 sic
855 2255 1028 2341 exposuit;
1054 2259 1090 2320 et
1114 2255 1190 2321 ideo
1212 2266 1321 2344 posset

136 2423 137 2428 ,
267 2362 379 2447 negari
402 2360 562 2446 expositio
581 2380 647 2423 sun
693 2356 930 2422 Verumtamen
954 2357 996 2422 ob
1016 2358 1237 2425 reverentiam
1251 2366 1320 2426 tam

267 2464 371 2527 saneti
396 2463 536 2528 <lectoris
559 2482 626 2525 non
649 2481 732 2546 nego
759 2480 834 2523 eum
858 2459 901 2522 ad
924 2479 1054 2524 sensum
1070 2481 1169 2544 quem
1193 2462 1321 2541 habuit,

267 2567 324 2629 sed
340 2566 410 2629 <lieo
426 2566 514 2649 quod
529 2570 599 2628 tam
621 2564 689 2649 ipse
705 2583 804 2648 quam
824 2561 881 2625 alii
896 2561 1043 2627 doctores
1066 2562 1172 2628 suncti
1197 2564 1321 2630 imitati

266 2672 345 2730 sunt
364 2666 551 2749 frequenter
574 2665 727 2749 antiquos
750 2662 956 2749 philosophos
980 2663 1016 2727 in
1039 2665 1137 2730 modo
1154 2665 1320 2753 loquendi,

266 2767 412 2830 vocando
432 2787 501 2828 rem
516 2765 764 2829 similitudinem
787 2765 842 2842 rei,
859 2786 918 2851 per
932 2769 1093 2849 quantum
1114 2770 1321 2854 cognoscitur

134 2884 139 2892 ·
266 2866 335 2929 sive
359 2864 614 2949 apprehenditur
637 2864 678 2927 ab
703 2865 881 2944 intellectu,
909 2867 993 2931 sicut
1018 2867 1099 2933 dicit
1123 2868 1320 2937 Aristoteles

266 2967 355 3051 quod
379 2965 489 3029 anima
503 2964 572 3028 sive
587 2964 771 3031 intellectus
786 2974 836 3033 est
852 2969 1090 3054 quodammodo
1106 2972 1227 3051 omnia,
1243 2974 1320 3058 quis

265 3068 378 3133 formae
405 3065 550 3130 omnium
578 3087 685 3130 rerum
716 3075 794 3134 sunt
824 3071 888 3135 sibi
918 3071 1103 3156 impressae;
1136 3078 1171 3138 et
1198 3075 1320 3141 dicitur

265 3171 347 3234 illud
376 3190 442 3233 esse
473 3167 508 3230 in
537 3167 705 3233 intellectu
735 3173 823 3256 qued
860 3173 1063 3258 intelligitur,
1095 3174 1132 3238 in
1161 3179 1319 3242 memoria

265 3272 353 3356 quod
376 3269 536 3347 recolitur,
564 3270 719 3336 insensu
746 3275 834 3357 quod
860 3274 1012 3352 sentitur,
1040 3280 1073 3340 et
1098 3276 1148 3340 ita
1172 3278 1213 3343 de
1236 3279 1318 3344 uliie

265 3371 310 3435 Et
329 3372 384 3456 qni
404 3371 586 3436 admittunt
604 3372 703 3436 istum
719 3376 853 3439 modurn
878 3376 1039 3460 loquendi,
1057 3377 1181 3444 habent
1196 3402 1318 3467 negare
1351 3429 1356 3436 -

263 3473 347 3540 huno
372 3472 655 3558 consequentiam:
688 3497 712 3540 e
738 3482 787 3543 est
814 3478 849 3543 in
880 3477 1056 3558 intellectu,
1082 3503 1159 3569 ergo
1189 3505 1213 3549 a
1243 3491 1318 3566 est3

264 3684 451 3696 ——-.-.-...

298 3838 486 3907 ¹conrtderutae]
505 3840 749 3903 consideraciuhls.
845 3845 947 3898 ‘Hilan
966 3848 1062 3901 Pictsv.
1081 3851 1113 3901 de
1130 3851 1201 3903 'liin
1224 3851 1250 3904 ii
1277 3858 1316 3906 le.

298 3961 308 3990 π
319 3958 407 4009 Johni
429 3965 444 4009 3
465 3964 480 4009 4
815 3923 887 3983 Quod
903 3928 1002 3991 suctum
1030 3940 1064 3980 eat
1084 3933 1109 3980 in
1138 3949 1172 3992 eo,
1196 3935 1248 3983 uilo
1271 3943 1316 3994 est,

409 3995 416 4010 ⁰
447 3997 453 4020 ⁹
482 3996 489 4010 ⁸
810 4003 831 4052 is
840 4004 951 4071 Hilary’s
960 4010 1117 4061 translation:
1135 4012 1178 4062 the
1187 4023 1317 4064 comment

297 4075 447 4142 ’chryson
469 4076 496 4126 in
519 4075 610 4129 Jonun.
636 4077 712 4130 Hom.
740 4093 765 4132 r.
808 4083 892 4133 which
909 4086 1005 4136 fohows
1022 4089 1044 4138 is
1063 4099 1107 4142 not
1125 4090 1172 4154 his,
1188 4091 1270 4143 either
1287 4094 1316 4145 in

264 4155 327 4218 (W)
808 4164 878 4213 word
889 4179 918 4215 or
929 4168 1053 4234 meaning.
