3158 5490
266 708 331 770 456
665 714 845 766 eremum
867 713 915 765 or

266 904 348 968 mihi
362 904 472 989 quoad
487 903 669 979 materiem,
693 924 768 968 cum
790 901 948 967 inuititur
970 922 1030 988 pro
1053 920 1118 965 sno
1131 897 1324 985 probatione

266 1006 457 1070 auctoritati
484 1004 685 1091 Scriptum
714 1005 772 1069 sed
795 1003 901 1069 forma
923 1002 1126 1089 argrimenti,
1151 1006 1191 1067 et
1218 1021 1324 1066 seusus

267 1108 494 1191 consequentis
535 1108 710 1193 displicent
758 1106 848 1170 mihi
896 1105 1019 1170 Formo.
1065 1103 1217 1188 quidem,
1253 1122 1323 1167 cum

267 1208 419 1295 arguitur
433 1229 492 1294 per
505 1208 613 1273 locum
636 1208 680 1272 ab
695 1206 907 1272 insufficienti
928 1205 1162 1284 similitudine,
1178 1203 1240 1291 qui
1261 1223 1322 1267 non

268 1315 319 1374 eet
348 1315 419 1373 tam
449 1310 580 1374 validus
601 1309 688 1375 sieut
712 1310 803 1375 loeus
826 1309 870 1373 ab
898 1307 1101 1372 auctoritate
1135 1304 1322 1390 Scriptum

269 1412 358 1476 Deus
390 1412 478 1476 enim
516 1411 713 1477 universalis
747 1410 909 1476 Dominus
943 1409 1047 1474 totius
1085 1406 1256 1493 temporis,
1291 1410 1323 1470 et

267 1514 372 1579 totius
410 1514 636 1579 universitatis
669 1518 795 1590 erestae,
833 1534 908 1578 eum
933 1509 1099 1576 messinis
1129 1508 1224 1575 omni
1247 1512 1323 1572 tem-

268 1616 341 1701 pori
371 1616 549 1702 prester-ito,
588 1616 642 1680 vel
671 1615 793 1694 futuro,
820 1613 1007 1700 plenissimo
1036 1610 1141 1677 titulo
1170 1608 1323 1677 oonoemit

270 1717 423 1793 Abrahae,
455 1723 489 1782 et
519 1717 596 1781 filiis
635 1716 706 1801 ejus
743 1715 947 1791 imitationis,
978 1719 1019 1778 ut
1058 1711 1202 1800 exponit
1234 1731 1323 1797 epos·

269 1817 377 1895 tolus,¹
420 1824 541 1883 terram
580 1818 738 1883 chanaon
776 1817 813 1881 in
846 1816 962 1880 arrhas
997 1820 1097 1880 terroe
1129 1813 1322 1879 viventium

270 1919 316 1983 Et
347 1941 422 1984 cum
456 1920 542 2004 justi
572 1919 641 1984 sint
671 1940 782 1984 omnes
819 1921 977 1983 ereetum
1013 1915 1197 1995 inferiores,
1235 1918 1323 2001 putet

271 2021 359 2105 quod
380 2019 549 2084 Abraham
572 2026 607 2085 et
629 2042 740 2085 semen
761 2020 832 2106 ejus
849 2017 994 2105 possidet
1018 2022 1179 2104 perpetuo
1201 2022 1324 2080 utrem·

270 2143 334 2206 que
349 2126 478 2186 terram
525 2121 592 2187 Sed
615 2121 697 2207 quid
715 2123 807 2188 velet
832 2121 897 2186 ista
919 2119 1103 2185 similitudo
1126 2119 1171 2184 ad
1195 2119 1324 2183 firmen-

270 2223 349 2287 dum
366 2223 577 2289 donationem
599 2224 697 2301 Petri,
723 2224 781 2310 qui
796 2244 863 2288 non
877 2222 979 2287 habet
992 2226 1127 2287 tantum
1143 2219 1324 2285 dominium

270 2330 433 2409 quantum
457 2326 625 2412 promittit
649 2348 684 2390 se
711 2327 832 2391 donare
857 2323 978 2389 alterii
1012 2321 1155 2409 Oportet
1185 2344 1264 2408 ergo
1285 2318 1326 2384 ud

270 2427 532 2492 confirmandum
552 2427 651 2492 istam
675 2426 938 2512 oousequentiam
967 2446 1027 2511 per
1049 2425 1160 2489 locum
1187 2445 1209 2487 s
1238 2421 1325 2487 simi·

271 2529 420 2607 litudine,
453 2551 565 2615 cepere
590 2530 679 2613 quod
706 2529 824 2594 Petrus
850 2528 951 2592 hebet
977 2526 1110 2612 plenum
1142 2525 1325 2590 dominium

271 2653 329 2716 per
359 2636 468 2695 totum
498 2635 629 2717 tempus
659 2630 854 2707 donationis,
886 2635 920 2694 et
953 2627 1080 2693 fruetus
1117 2627 1199 2692 tulis
1229 2626 1326 2690 donu—

271 2733 378 2809 tionis‚
405 2734 490 2797 sieut
520 2738 569 2797 est
594 2731 635 2797 de
659 2731 748 2797 Deo:
773 2732 851 2818 quie
876 2731 972 2795 aliter
1002 2751 1070 2794 non
1104 2729 1266 2815 sequitur,
1299 2725 1326 2790 si

272 2834 361 2898 Deus
388 2834 532 2908 donavit,
557 2856 634 2920 ergo
657 2856 716 2919 per
739 2833 845 2898 locum
869 2856 891 2897 a
913 2832 1012 2903 simili
1034 2830 1081 2896 sie
1105 2831 1225 2896 Petrus
1240 2828 1325 2903 facit,

271 2936 323 2999 vel
348 2956 422 2999 cum
448 2935 581 3021 poribus
611 2936 647 2999 in
673 2935 771 3000 cartis
801 2934 915 3021 positis
944 2933 1060 3019 ponit²
1106 2932 1217 2997 Nemo
1239 2931 1325 2995 enim

272 3037 375 3102 donat
416 3038 593 3102 secundum
639 3037 830 3122 ampliorem
871 3036 1008 3100 titulum
1042 3056 1142 3120 quam
1189 3034 1326 3120 ipsemet

272 3137 378 3215 habet,
415 3139 492 3203 lieet
528 3143 637 3224 posset
676 3160 744 3203 esse
782 3139 910 3204 oeeosio.
957 3136 1057 3202 Unde
1096 3136 1188 3201 Deus
1227 3136 1325 3200 donst

272 3240 412 3324 amplius
435 3240 616 3304 dominium
645 3262 744 3325 quam
769 3240 869 3304 etiam
900 3239 1001 3303 habet
1024 3239 1087 3302 iste
1118 3237 1210 3302 dens
1258 3237 1327 3301 Istn

272 3346 321 3406 eet
339 3341 477 3427 pulchro
489 3341 545 3405 via
563 3343 605 3406 sd
620 3341 893 3407 introducendum
915 3339 1088 3404 materiem
1109 3341 1151 3405 de
1170 3339 1322 3409 dominio.

272 3443 328 3507 sed
351 3449 480 3529 oportet
506 3443 548 3506 ab
579 3443 635 3506 illa
662 3445 871 3529 supersedere
894 3442 937 3506 ed
959 3448 1097 3527 tempus,
1123 3463 1166 3506 ne
1189 3441 1326 3506 nrateriu

272 3550 404 3629 acceptu
425 3565 494 3629 prae
517 3544 669 3609 menibus
692 3545 873 3609 omittetur.

107 3651 155 3704 liis
163 3657 260 3706 second.
317 3645 364 3709 II.
388 3645 539 3710 Secundo
578 3645 803 3732 principaliter
841 3645 930 3731 eupit
966 3644 1091 3710 Doetor
1130 3644 1222 3730 quod
1256 3643 1325 3709 dixi

273 3747 456 3832 quamlibet
486 3753 614 3832 partem
647 3748 825 3833 Scriptunu
857 3770 957 3813 sacrae
980 3769 1051 3811 esee
1075 3768 1213 3811 veram:
1239 3745 1325 3832 quod

272 3847 438 3925 concedo³
459 3849 517 3913 sed
539 3849 630 3912 vario
655 3849 690 3912 in
713 3850 861 3914 termino.
909 3846 997 3913 Nam
1007 3847 1072 3912 ubi
1096 3848 1167 3933 ipse
1190 3848 1272 3912 dicit
1286 3846 1324 3909 de

271 3951 306 4015 u·
323 3951 410 4016 vocis
422 3975 431 4031 ;
453 3973 521 4037 ego,
545 3957 642 4015 utens
665 3951 806 4015 termino
831 3950 1019 4036 Scriptum,
1038 3949 1112 4014 dieo
1127 3951 1217 4035 quod
1240 3970 1327 4034 quse-

271 4052 354 4117 libet
391 4075 466 4138 pare
499 4052 677 4139 Scripturae
702 4075 801 4118 saorae
834 4059 884 4118 est
914 4074 992 4116 vern
1023 4051 1064 4115 de
1095 4050 1130 4114 vi
1161 4051 1326 4117 sermonis

273 4154 318 4218 Et
333 4155 377 4218 ed
392 4154 474 4218 iflud
489 4153 714 4222 Danu-ouium
729 4152 849 4232 leudes,⁴
863 4153 1002 4219 eonoedo
1025 4153 1115 4239 quod
1137 4159 1190 4218 est
1211 4174 1326 4218 verum

271 4387 288 4393 .-
314 4383 720 4394 ffl——m—u..
807 4379 955 4388 ...r.—----
980 4378 1000 4384 ..
1031 4378 1051 4383 ..
1083 4378 1124 4385 -.
1141 4377 1325 4388 -α--υ-ο

303 4553 310 4584 ¹
324 4553 381 4606 Gal.
395 4552 429 4605 iii
443 4557 483 4616 le,
495 4558 534 4606 29.
853 4552 988 4619 'eoncedu]
1001 4554 1172 4616 eoncedendo,
1184 4552 1242 4606 Mn.

302 4634 312 4663 ²
325 4631 472 4700 vel-pouit]
498 4632 647 4700 liopelessly
659 4641 768 4700 corrupt.
852 4637 860 4665 ⁴
874 4633 943 4686 John
954 4633 999 4685 rii.
1011 4639 1051 4684 20.
