3008 5490
235 693 278 759 94
359 752 360 756 Ν
547 701 726 756 riscrcum
748 697 970 755 zrzauronvu

235 892 385 960 Christus
399 905 403 913 ’
417 891 532 958 eduxit
562 895 670 978 patres
699 890 741 955 de
769 888 879 967 limbo,
909 908 993 974 nego
1025 887 1116 954 istud
1147 890 1189 956 de
1220 889 1288 956 vir·

233 1000 307 1061 tute
340 994 503 1071 sermonis,
537 1015 575 1058 eo
612 992 700 1078 quod
737 990 909 1078 prasentia
944 1012 1018 1056 mea
1047 990 1289 1058 conformaliter

233 1097 427 1183 accipiendo,
458 1102 498 1161 ut
527 1095 673 1182 praedixi,
705 1116 772 1159 non
795 1099 845 1158 est
874 1092 939 1158 nisi
969 1113 1110 1179 praesens
1141 1095 1286 1181 cognitio

233 1221 312 1263 mea
373 1199 418 1263 Et
449 1198 527 1283 quia
558 1197 681 1262 nullius
712 1194 891 1262 Christiani
927 1200 1084 1281 perpetua
1115 1196 1287 1263 damnatio

233 1301 408 1386 aliquando
431 1299 495 1365 fuit
518 1299 553 1364 in
576 1298 697 1365 notitia
720 1321 800 1376 mea,
816 1297 869 1362 vel
893 1297 994 1362 etiam
1014 1297 1050 1360 in
1065 1297 1186 1363 notitia
1210 1298 1284 1378 Dei,

233 1403 383 1487 quamvis
405 1402 505 1468 fuerit
528 1407 608 1468 nota
621 1401 675 1466 vel
698 1400 829 1487 cognita
852 1400 932 1476 Dec,
949 1399 1023 1465 ideo
1041 1399 1146 1466 habeo
1166 1423 1286 1488 negare

234 1505 322 1591 quod
344 1505 410 1571 fuit
435 1506 471 1570 in
495 1504 668 1591 prasentia
687 1525 767 1568 mea
813 1501 879 1568 Sed
902 1506 1014 1568 tamen
1035 1503 1175 1568 concedo
1195 1505 1286 1590 quod

233 1629 362 1672 omnem
394 1605 617 1673 Christianum
648 1626 715 1671 esse
743 1606 935 1670 damnatum
965 1608 1015 1669 at
1040 1625 1182 1690 praesens
1213 1605 1286 1672 Deo

180 1777 184 1785 ,
233 1711 404 1797 cognitive,
421 1711 499 1797 quia
520 1710 580 1775 hoc
602 1714 652 1775 est
674 1707 825 1794 possibile
846 1708 933 1793 quod
956 1706 1060 1773 omnis
1077 1706 1285 1775 Christianus

233 1813 277 1878 sit
301 1815 481 1879 damnatus.
528 1813 573 1877 Et
595 1811 641 1877 sic
663 1816 756 1898 patet
778 1809 949 1897 responsio.

162 1994 168 2005 Ι
276 1915 355 1979 dam
392 1916 509 1980 reduco
545 1914 635 1980 istud
672 1918 901 2000 argumentum
938 1915 1050 1977 contra
1087 1911 1285 1998 Magistrum

128 2076 152 2108 m
167 2077 184 2109 n
206 2081 208 2086 ,
233 2038 359 2095 meum3
394 2022 428 2081 et
452 2039 551 2102 arguo
577 2017 630 2081 sic.
676 2016 729 2079 Ex
755 2015 914 2101 positione
939 2013 1090 2100 Magistri
1109 2015 1184 2091 mei,
1209 2037 1285 2081 cum

115 2127 120 2137 '
232 2118 326 2196 veris,
354 2120 500 2203 sequitur
515 2119 602 2203 quod
626 2117 798 2203 cujuslibet
823 2116 1002 2183 Christiani
1022 2123 1179 2203 perpetua
1193 2118 1286 2182 dam-

83 2209 90 2241 ¹
164 2231 170 2244 ·
232 2220 324 2285 natio
348 2220 413 2284 fuit
439 2221 475 2283 in
501 2219 674 2306 praesentia
699 2242 759 2285 sua
780 2220 817 2283 in
834 2218 967 2296 inferno,
985 2219 1115 2303 quando
1132 2219 1284 2285 Christus

233 2321 349 2387 eduxit
364 2327 472 2408 patres
488 2323 527 2386 de
549 2320 656 2386 limbo
704 2321 874 2399 Probatur,
891 2320 969 2406 quia
986 2320 1158 2406 cujuslibet
1175 2321 1284 2387 Chris-

232 2423 316 2489 tiani
339 2430 496 2510 perpetua
511 2423 679 2489 damnatio
700 2423 765 2488 fuit
788 2423 957 2509 possibilis,
974 2445 1050 2509 ergo
1065 2423 1130 2487 fuit
1150 2423 1186 2488 in
1202 2423 1281 2500 Deo,

232 2527 302 2592 sive
332 2527 368 2592 in
397 2527 519 2593 notitia
544 2526 665 2591 divina.
723 2525 788 2591 Sed
818 2526 973 2611 quicquid
1002 2526 1067 2590 fuit
1097 2526 1133 2589 in
1163 2526 1284 2592 notitia

233 2629 442 2709 divinabit
466 2630 566 2694 etiam
589 2629 625 2693 in
650 2627 824 2714 praesentia
850 2627 1002 2714 Magistri
1024 2626 1096 2705 mei,
1113 2649 1188 2694 cum
1214 2630 1283 2716 ipse

233 2732 392 2817 objective
407 2733 451 2797 sit
466 2733 564 2810 Deus,
581 2737 620 2795 ut
635 2731 736 2817 ponit.
782 2730 869 2816 Ergo
885 2730 1052 2795 conclusio

278 2834 315 2898 Si
342 2835 432 2900 istud
454 2834 499 2899 sit
525 2833 763 2909 inconveniens,
786 2833 979 2918 respondeat
1003 2832 1161 2918 Magister
1184 2856 1282 2899 meus

233 2935 270 3001 Si
296 2958 361 3002 non
386 2937 430 3002 sit
454 2936 691 3011 inconveniens,
717 2939 756 2998 ut
782 2933 862 3019 quid
888 2934 1061 2999 adducitur
1083 2941 1197 3000 contra
1220 2959 1281 3013 me,

232 3061 307 3102 cum
333 3062 400 3103 non
427 3046 586 3126 repugnet
614 3038 709 3103 dictis
733 3037 812 3100 meis
833 3036 1017 3122 prioribus?
1062 3036 1136 3102 Scio
1151 3040 1282 3122 quodsi

231 3163 290 3225 ego
316 3142 486 3205 formarem
511 3142 592 3206 tales
624 3142 765 3204 rationes
795 3144 908 3204 contra
938 3139 1132 3224 Magistrum
1162 3162 1280 3217 meum,

230 3243 299 3327 ipse
322 3243 441 3307 diceret
464 3243 551 3326 quod
573 3243 674 3327 gratis
696 3241 960 3328 sophisticarem;
991 3263 1049 3305 nec
1071 3247 1181 3307 tamen
1205 3248 1283 3310 sunt

230 3343 437 3427 sophismata,
454 3343 511 3406 sed
526 3343 659 3406 subtilia
675 3350 708 3408 et
723 3344 821 3408 fortia
835 3348 1034 3429 argumenta.

275 3444 313 3506 V.
339 3443 463 3522 Quinto
486 3444 594 3528 arguit
617 3443 740 3509 Doctor
761 3447 957 3510 reverendus
972 3446 1025 3510 sic.
1072 3446 1177 3511 Omne
1194 3449 1282 3532 quod

231 3547 321 3610 Deus
336 3545 492 3610 intuitive
515 3547 678 3631 cognoscit
694 3554 743 3611 cst
758 3570 905 3633 praesens
930 3549 975 3613 sic
991 3550 1078 3633 quod
1099 3549 1198 3614 habet
1214 3572 1282 3615 esse

230 3650 364 3726 actuale,
390 3655 429 3713 ut
457 3648 535 3713 dicit
563 3648 594 3712 S.
612 3648 751 3713 Thomas
767 3649 789 3727 ;1
824 3651 881 3714 scd
906 3672 1000 3715 omne
1027 3651 1115 3736 quod
1139 3651 1205 3716 fuit
1230 3653 1282 3715 vel

230 3753 292 3815 crit
319 3753 409 3816 Deus
436 3751 592 3815 intuitive
616 3752 788 3838 cognoscit,
815 3758 855 3817 ut
880 3753 959 3817 dicit
986 3775 1115 3817 concors
1145 3753 1282 3818 catholi-

229 3874 338 3917 corum
355 3853 538 3932 sententia3
573 3875 648 3939 ergo
671 3877 765 3919 omne
788 3855 875 3939 quod
898 3854 963 3919 fuit
978 3856 1030 3918 vel
1054 3852 1140 3931 erit,2
1162 3862 1211 3920 est
1236 3856 1282 3921 sic

230 3978 390 4041 praesen&
417 3961 450 4020 et
465 3977 522 4041 per
537 3978 735 4039 consequens
751 3979 845 4021 omne
861 3958 948 4040 quod
964 3956 1028 4021 suit
1043 3957 1097 4021 vel
1112 3957 1182 4033 erit,
1200 3965 1257 4023 est.

274 4056 494 4122 Confinnatur
509 4058 560 4122 sic.
607 4059 704 4133 Dato,
721 4080 795 4121 cum
810 4058 937 4136 minori,
954 4059 1041 4142 quod
1057 4059 1280 4125 Antichristus

227 4182 292 4225 non
308 4166 364 4239 est,
393 4161 542 4247 arguitur
567 4183 624 4248 per
647 4161 746 4225 istum
769 4160 909 4226 modum.
956 4159 1046 4225 Deus
1068 4162 1160 4227 videt
1183 4162 1281 4228 Auti-

230 4395 580 4405 m-...m
583 4397 1100 4405 fflm—-Q—--1
1104 4399 1116 4403 -
1119 4398 1185 4404 —v-
1189 4399 1245 4406 00-
1248 4398 1278 4407 -ν

259 4562 265 4593 ¹
287 4562 312 4613 S.
325 4561 434 4613 Thomas
445 4562 568 4627 Aquinas,
585 4562 689 4613 Summa
707 4577 725 4613 1.
803 4565 814 4593 ²
834 4563 892 4628 erit]
916 4562 972 4614 MS.
990 4564 1050 4613 adds
1070 4564 1140 4613 Deus
1162 4564 1280 4616 intuitive

225 4658 248 4706 q.
264 4647 302 4702 14,
314 4651 360 4693 art.
372 4651 395 4693 9.
770 4644 905 4707 cognoscit.
940 4643 1143 4707 Repeatcdsrom
1157 4647 1244 4696 above.
