3008 5490
253 739 319 802 300
564 748 744 800 rnscrcunr
765 748 992 801 zrzsuroaura

253 938 400 1014 statibus
424 941 459 1002 ct
481 936 581 1002 variis
605 936 756 1023 personia
798 920 844 1002 Et
867 935 956 1003 inter
975 941 1085 1005 cetera
1107 939 1193 1007 dixit
1211 942 1284 1029 qnod

252 1040 401 1106 dominus
430 1039 499 1104 dux
534 1038 733 1104 Laneastriae
764 1039 906 1104 multum
935 1037 1150 1119 afficiebatur,
1179 1049 1213 1109 ct
1243 1045 1285 1110 de

251 1142 381 1206 fcndere
403 1140 503 1205 vellet
526 1161 637 1204 omnes
661 1139 849 1219 Lollardos3
873 1140 959 1226 ipsos
982 1146 1096 1207 tamen
1119 1145 1286 1210 nominavit

250 1241 388 1307 sanctos¹
412 1242 603 1305 sacerdotes.
662 1238 728 1306 Sed
751 1241 792 1306 de
819 1242 970 1306 omnibus
996 1242 1096 1309 dictis
1125 1246 1220 1332 plane
1241 1269 1287 1335 pc·

249 1343 334 1408 tebit
363 1343 398 1406 in
428 1343 501 1417 fine,
541 1342 768 1406 instrumentis
802 1341 896 1407 factis
926 1343 967 1407 de
997 1343 1114 1410 codem
1144 1368 1284 1415 sermone

294 1444 339 1508 Et
363 1443 468 1508 multa
490 1443 556 1507 alia
580 1442 670 1506 facta
695 1449 773 1506 sunt
802 1442 859 1509 illo
883 1443 937 1508 die
964 1450 999 1510 et
1032 1448 1285 1532 pmcedentibus

248 1546 288 1610 dc
303 1545 421 1631 quibus
435 1544 563 1629 patebit
584 1534 726 1608 inferius.
772 1542 838 1609 Sed
860 1550 934 1630 post
956 1566 1142 1613 sermonem
1163 1550 1288 1616 intravit

248 1647 413 1712 ecclesiam
440 1646 475 1710 S.
498 1645 704 1709 Fredeswidc
730 1666 805 1709 cum
829 1645 950 1732 viginti
980 1645 1161 1716 homnibus
1185 1652 1286 1717 subtis

247 1770 371 1834 pannos
403 1746 546 1810 armatis
593 1746 660 1811 Sed
690 1745 809 1810 Petrus
840 1745 965 1833 Stokys
991 1748 1122 1828 timens,
1154 1774 1220 1819 non
1245 1758 1287 1819 ml

246 1870 343 1913 ausus
380 1854 460 1912 tunc
490 1846 598 1925 exire;
635 1847 692 1911 sed
722 1847 911 1933 Philippum
950 1853 1142 1935 expectavit
1176 1856 1284 1920 canoel·

246 1951 346 2014 larius
374 1949 411 2012 in
448 1948 531 2013 ostio
566 1947 723 2024 ecclesiae3
759 1949 816 2033 qui
846 1971 921 2015 cum
950 1972 989 2014 eo
1019 1951 1132 2019 ridens
1161 1977 1281 2022 moeaee

244 2057 323 2115 runt
349 2072 370 2114 a
395 2051 486 2130 loco;
517 2052 551 2113 ct
577 2049 665 2114 facta
690 2054 741 2114 esc
766 2050 885 2115 laetitia
910 2074 1031 2138 magna
1058 2053 1095 2119 in
1119 2055 1283 2123 Irollardos’

243 2153 302 2216 tuli
328 2171 481 2215 sermone.
1000 2174 1003 2178 ·

301 2252 400 2316 Unde
432 2249 560 2336 scripsit
593 2251 710 2317 Petrus
737 2251 862 2338 Stokys
894 2253 1027 2320 domino
1058 2257 1280 2348 archiepiscope

243 2356 373 2420 literam
395 2353 456 2418 sub
480 2352 540 2417 hac
561 2352 673 2419 forma.

310 2974 439 3038 Lirnnn
470 2986 611 3037 rnnrnrs
642 2968 747 3035 Pnrru
774 2969 910 3035 Sronrs
942 2969 1153 3035 crunnum
1176 2985 1225 3036 in

463 3088 763 3139 nucnrnrrscorun
798 3072 1085 3136 Cauruaunusmr.

71 3308 99 3356 P.
113 3308 206 3373 Stokyr
293 3286 408 3349 PATER
428 3285 462 3346 in
484 3283 615 3347 Christo
638 3281 902 3345 reverendissime
925 3303 962 3344 ac
985 3281 1137 3345 domine:
1163 3282 1282 3366 placeat

69 3375 355 3450 t‘libem'vestrae
394 3385 586 3469 paternitati
624 3384 762 3468 benigne
793 3383 873 3445 scire
904 3404 955 3447 me
986 3383 1143 3446 humilem
1175 3390 1210 3448 ct
1240 3384 1282 3446 in·

68 3440 163 3572 iffi
169 3540 212 3572 en
238 3488 372 3572 dignum
399 3485 571 3558 aemulum,
600 3507 636 3547 uc
664 3485 769 3547 filium
793 3489 866 3546 vest
867 3506 947 3558 rum,
972 3505 1030 3567 pro
1053 3484 1181 3548 viribus
1208 3485 1283 3547 meis

67 3588 271 3702 ffivlpffirrdto
253 3588 315 3652 otis
274 3587 444 3651 tfuisse
472 3592 505 3649 et
533 3607 600 3648 esse
627 3608 656 3669 p
650 3591 777 3648 iratum
805 3607 842 3647 ac
873 3591 1060 3669 promptum
1091 3607 1150 3669 per
1177 3586 1283 3649 omnia

67 3735 211 3782 yourcom
235 3692 277 3753 ad
308 3689 521 3753 obediendum
553 3687 700 3760 fideliter,
733 3692 772 3750 ut
797 3686 925 3768 justum
957 3692 1014 3761 est
1046 3688 1165 3750 restris
1196 3710 1283 3750 man-

67 3787 161 3834 mande.
235 3792 327 3867 (cittis,
351 3790 434 3853 rnilri
457 3788 591 3872 indigno
615 3788 655 3850 de
679 3794 788 3849 restra
811 3788 1000 3871 dignatione
1024 3787 1163 3851 directis

66 3923 195 3975 Onwed
279 3893 374 3955 Feria
392 3892 478 3954 enirn
497 3895 621 3974 qua‚rta
642 3887 774 3951 lroct
725 3893 774 3951 est
797 3888 832 3949 in
854 3888 967 3971 sigilio
988 3889 1129 3972 corporis
1150 3888 1280 3957 Christi.

66 3992 159 4054 needay
172 3994 185 4040 1
233 3993 428 4078 praesentavi
452 3992 583 4055 domino
614 3988 801 4052 cancellario
828 3988 1053 4051 unitersitatis
1089 3989 1283 4053 Oxoniensis

63 4060 219 4183 iihsreliuers
232 4096 341 4157 literas
379 4095 421 4156 al)
459 4092 650 4155 excellentia
683 4097 790 4152 vestra
822 4089 884 4151 sibi
923 4089 1024 4152 direct
1011 4096 1069 4159 aaa
1105 4112 1172 4153 una
1211 4114 1281 4154 cum

62 4187 204 4305 {monor
232 4195 323 4280 copia
348 4192 581 4258 commissionis
609 4213 706 4276 quarn
735 4190 813 4253 milri
839 4190 980 4274 benigno
1004 4189 1115 4253 favore
1140 4192 1281 4256 misistis

261 4568 394 4630 ¹urnclor]
437 4566 561 4627 Probably
585 4564 626 4613 tlre
658 4565 728 4613 word
812 4562 972 4629 nodarat]
987 4564 1098 4627 Perhaps
1111 4564 1243 4615 Lollmdia

226 4647 285 4694 used
296 4647 330 4708 by
343 4646 499 4708 llcpyngdon
512 4657 561 4690 was
573 4641 697 4706 simplices.
