3008 5490
427 782 434 796 ,
547 728 726 782 66661666(
750 731 976 782 azimorum
1052 776 1057 783 .
1218 714 1280 782 391

273 921 304 985 2.
349 920 436 986 Item
479 923 568 1008 quod
608 921 736 1008 praelati
775 944 841 987 non
881 922 1033 987 docentes
1078 920 1284 1007 evangelium

219 1018 363 1100 chrisa,
394 1024 470 1089 licet
493 1024 577 1088 nihil
608 1024 698 1089 aliud
730 1024 810 1089 mali
841 1024 975 1101 addant,
1000 1029 1079 1089 sunt
1103 1023 1224 1088 mortui
1248 1023 1284 1086 in

218 1125 350 1212 capris,
378 1127 571 1203 antichristi,
604 1133 639 1192 61
661 1127 817 1192 Sathanae
841 1127 1065 1214 transfigurati
1092 1127 1128 1191 in
1154 1125 1285 1212 angelos

219 1224 318 1304 lucis,
350 1229 437 1294 16666
467 1230 620 1296 noctmni
651 1236 685 1296 et
715 1229 832 1307 dicuni,
859 1231 1013 1297 occisores
1040 1233 1075 1295 et
1104 1229 1285 1316 perditores

218 1330 344 1421 populi
364 1330 542 1399 christiani

729 1565 788 1632 VI.

275 1723 330 1794 De
351 1733 554 1794 sacramento
577 1726 721 1814 conjugii
744 1727 832 1805 dicit,
1295 1737 1424 1790 Astothe

278 1833 308 1894 1.
333 1831 437 1912 Quod,
466 1853 533 1897 non
562 1831 715 1896 obstante
741 1830 933 1916 cognatione
963 1829 1134 1914 spirituali,
1167 1829 1219 1893 vir
1249 1814 1432 1920 etgfflfm

226 1933 352 2000 mulier
388 1941 524 2021 possunt
554 1934 642 1999 licite
672 1956 730 2020 per
767 1932 871 2018 legem
902 1931 966 1996 Dei
995 1931 1140 2018 copulari
1169 1933 1371 2001 macri-rinae·
1430 1952 1434 1959 ·

224 2035 351 2114 monio,
389 2036 460 2102 sine
494 2036 606 2122 aliqua
643 2035 884 2122 dispensatione
915 2033 1032 2121 papali.
1079 2034 1124 2099 Et
1161 2034 1283 2099 ibidem

229 2138 324 2216 dicit,
360 2140 449 2224 quod
485 2140 514 2204 si
551 2161 688 2226 regnum
727 2144 875 2204 nostrum
913 2136 1015 2222 eligat
1045 2158 1148 2201 unum
1179 2137 1284 2224 illegi-

228 2240 355 2307 timum
384 2241 421 2306 in
455 2264 572 2328 regem,
611 2241 787 2306 dummodo
818 2240 873 2304 ifle
903 2240 985 2304 bene
1011 2239 1111 2304 faciat
1141 2240 1284 2305 officium

226 2342 324 2430 regis,
351 2343 443 2409 Deus
472 2344 553 2409 facit
583 2366 658 2409 eum
687 2365 819 2430 regem3
858 2348 892 2407 et
921 2364 978 2428 per
1008 2363 1204 2428 consequens
1234 2365 1285 2407 re-

226 2445 351 2534 probat
375 2447 478 2511 alium
500 2469 617 2534 regem,
641 2469 699 2511 seu
722 2445 884 2511 haeredem
907 2444 999 2530 regni
1022 2444 1213 2530 legitimum.

276 2550 306 2612 2.
332 2547 419 2614 Item
442 2549 530 2635 quod
553 2556 686 2635 propter
716 2549 942 2634 cognationem
972 2546 1159 2635 hujusmodi
1189 2548 1284 2633 spiri-

226 2650 355 2717 tualem
378 2673 445 2717 non
468 2651 566 2716 debet
588 2651 834 2717 matn‘monium
856 2649 1005 2737 separari.

276 2756 306 2819 ³.
330 2752 422 2818 Item
455 2754 552 2840 quod,
590 2775 657 2819 non
692 2752 844 2818 obstante
873 2752 1022 2840 capitulo
1047 2751 1089 2819 Si
1119 2749 1213 2818 a‘rctcr
1244 2753 1285 2818 (16

228 2852 466 2943 sponsalibus,¹
504 2855 532 2920 si
555 2855 628 2942 quis
652 2856 854 2922 contraxerit
874 2878 947 2920 cum
975 2878 1042 2920 una
1067 2852 1203 2922 muliere
1227 2879 1286 2942 per

228 2955 334 3023 verba
355 2954 396 3023 (16
417 2957 537 3034 futuro,
569 2957 735 3023 mediante
762 2957 863 3022 etiam
888 2955 1085 3042 juramento,
1112 2965 1145 3023 et
1172 2964 1286 3045 postca

229 3081 307 3126 cum
334 3058 400 3125 alia
430 3083 488 3147 per
517 3058 619 3126 verba
650 3061 690 3125 de
716 3060 878 3146 praesenti,
910 3060 1068 3126 secundus
1099 3067 1287 3126 contractus

229 3166 332 3228 tenet
816 3155 823 3168 '

277 3266 307 3330 4.
332 3263 420 3331 Item
446 3261 535 3352 quod
564 3264 687 3353 siquis
717 3262 889 3332 contrahat
915 3287 989 3331 cum
1014 3264 1125 3352 aliqua
1151 3264 1285 3331 muliere

231 3387 292 3454 per
320 3368 423 3433 verba
446 3368 486 3433 (16
512 3368 633 3448 futuro,
659 3367 846 3454 juramento
868 3363 970 3434 etiam
996 3368 1112 3445 medio,
1141 3374 1174 3433 et
1201 3367 1285 3434 alius

229 3492 305 3535 cum
333 3470 448 3536 eadem
471 3471 543 3557 pari
566 3471 671 3536 forma
695 3469 876 3549 contrahat,
898 3478 1054 3558 sequente
1080 3471 1285 3558 666616666-

230 3571 320 3636 nali:
354 3568 479 3660 primus
509 3578 694 3639 contractus
724 3572 803 3639 facit
828 3575 1073 3639 matrimonium
1100 3596 1223 3652 verum,
1251 3581 1285 3640 et

231 3696 300 3740 non
324 3676 492 3741 secundus
1090 3687 1094 3693 '

262 3778 307 3870 Ι5.
331 3777 419 3843 Item
449 3778 509 3855 vir,
541 3800 614 3843 cum
648 3800 757 3844 eoram
788 3778 928 3846 testibus
963 3776 1153 3866 conjunctus
1183 3779 1284 3847 fuerit

231 3901 307 3946 cum
332 3880 467 3947 muliere
485 3904 543 3969 per
564 3887 769 3948 contractum
793 3882 832 3948 de
854 3883 1016 3970 praesenti,
1041 3889 1075 3948 et
1098 3905 1140 3947 ex
1162 3905 1200 3947 ea
1215 3906 1285 3949 sus·

229 3984 354 4071 6696611
380 3982 507 4061 liberae,
529 3991 565 4050 et
589 3986 797 4071 postmodum
821 3985 908 4049 idem
929 3985 982 4049 vir
1005 3986 1152 4072 nupserit
1178 3985 1286 4063 aIteri,

228 4091 265 4151 et
290 4085 443 4152 similiter
465 4088 582 4152 mulier
602 4110 660 4174 per
674 4087 776 4153 verba
803 4087 842 4152 de
865 4089 1026 4174 prasenti,
1051 4089 1152 4152 etiam
1174 4110 1282 4153 coram

228 4187 380 4270 testibus,
407 4190 544 4256 mortuis
566 4190 680 4277 primis
703 4187 841 4255 testibus
864 4189 916 4255 vel
940 4189 1084 4255 mercede
1113 4189 1280 4276 corruptis,

228 4294 264 4357 et
304 4291 455 4359 secundis
489 4292 529 4357 de
567 4298 737 4358 contractu
773 4292 914 4358 secundo
954 4292 1176 4358 testimonium
1210 4315 1282 4379 per-

514 4670 521 4703 ¹
533 4669 633 4724 Decret
645 4670 722 4738 Grec
733 4666 781 4724 IX.
792 4669 835 4723 61.
850 4678 885 4723 ιν.
897 4670 934 4724 uc
948 4675 969 4723 1.
