3008 5490
541 757 722 809 rsscrcun
746 720 967 809 zrznnionun.
1239 752 1280 814 89

263 951 1281 1042 ffifflnffimmmfflmmwombwwwmm

259 1053 430 1122 interemisse
450 1077 532 1132 mco,
551 1057 621 1140 ligo
647 1077 727 1121 sum
751 1056 795 1120 in
819 1056 931 1122 nscds’o
958 1057 1095 1123 eot·ttm.¹
1143 1060 1280 1124 Verunt-

258 1161 346 1222 tinen
367 1158 445 1243 quin
467 1148 534 1223 scio
559 1179 612 1222 me
637 1179 704 1222 non
731 1179 800 1222 esse
826 1159 944 1236 Deum,
969 1182 1074 1247 neque
1100 1162 1278 1225 secundum

256 1278 308 1322 csse
327 1258 537 1345 intelligibile,
561 1280 620 1323 nec
644 1259 823 1324 secundum
847 1260 937 1325 uliud
961 1284 1028 1326 esse
1053 1264 1276 1348 quodcunque,

249 1359 320 1424 sicut
339 1358 470 1425 videtur
498 1359 657 1447 Magister
678 1382 768 1425 meus
799 1360 966 1440 affirmare,
998 1364 1071 1428 ideo
1100 1387 1202 1429 renuo
1232 1365 1278 1429 sic

252 1457 389 1540 honorari,
407 1462 523 1526 wdens
548 1461 707 1548 Magistro
731 1483 802 1528 meo
826 1463 950 1547 majori,
967 1465 1024 1549 qui
1046 1487 1079 1529 se
1104 1466 1173 1550 ipso
1194 1471 1278 1530 teste

250 1582 356 1649 emper
391 1569 441 1628 est
478 1561 533 1628 et²
563 1563 693 1648 ubique,
729 1565 907 1630 secundum
944 1586 1012 1629 esse
1049 1566 1275 1651 intelligibile:

247 1682 301 1728 non
327 1665 452 1730 modica
488 1686 546 1728 res.
593 1664 660 1729 Sed
696 1665 787 1730 Deus
824 1666 893 1751 ipse
932 1688 989 1750 pro
1028 1666 1166 1729 materia
1204 1688 1277 1730 curn

247 1767 413 1852 argumenti
434 1814 594 1830 ......
593 1765 608 1803 ³
638 1766 667 1830 si
696 1789 754 1852 pro
792 1768 904 1832 eodem
935 1767 1114 1852 accipiatur
1145 1790 1212 1830 esse
1242 1768 1278 1831 in

243 1868 400 1951 praesentia
436 1866 582 1953 alicujus,
621 1873 655 1933 et
693 1889 761 1932 csse
804 1869 866 1933 sibi
905 1890 1053 1954 praesens,
1093 1868 1278 1954 accipiendo

242 1970 404 2034 terminum
419 1969 659 2034 conformuliter
680 1991 739 2054 pro
758 1970 933 2055 praesentia
947 1970 1122 2056 cognitlva,
1142 1969 1278 2056 [patet]⁴

241 2071 315 2155 quod
338 2071 430 2136 Deus
453 2070 537 2134 nihil
560 2075 670 2156 potest
696 2070 799 2135 lacere
821 2072 891 2136 sine
914 2072 1087 2157 praesentin
1102 2094 1182 2148 mes,
1200 2072 1278 2157 quia

239 2170 363 2257 ipsemet
383 2171 562 2237 necessario
577 2177 627 2236 oet
642 2172 815 2257 praesentio
835 2194 915 2249 mea,
932 2180 966 2237 et
980 2195 1120 2259 puesens
1135 2174 1277 2260 cognitio

237 2292 318 2338 mcc:
358 2279 393 2339 et
423 2274 524 2340 etiam
554 2274 641 2358 quod
674 2274 881 2359 praesentiom
920 2297 1025 2338 meam
1055 2274 1140 2339 nihil
1169 2282 1277 2361 potest

235 2375 458 2463 subterfugere,
497 2376 609 2440 eudem
646 2376 780 2441 ratione.
836 2375 902 2440 Sed
939 2377 1068 2462 quando
1106 2378 1278 2442 deducitur

233 2476 363 2543 ulterius
394 2478 483 2563 quod
512 2478 548 2540 in
579 2477 668 2543 omni
697 2481 842 2542 tractatu
872 2500 1012 2563 praesens
1042 2479 1184 2555 interfui,
1217 2479 1276 2543 hoc

232 2576 329 2645 bnbeo
360 2602 498 2666 negare3
536 2579 614 2664 quia
650 2578 804 2643 interesse
841 2585 936 2644 sonat
966 2580 1171 2664 praesentiam
1202 2580 1276 2642 sub-

228 2679 390 2763 ject-ivam,
418 2703 517 2767 quam
547 2702 630 2766 nego
660 2702 712 2745 rne
741 2681 918 2765 aliquando
948 2681 1099 2744 habuisse
1130 2681 1164 2742 iu
1196 2680 1274 2755 Deo,

230 2783 278 2846 vel
308 2784 345 2847 in
375 2783 465 2848 omni
494 2782 571 2847 loco.
615 2781 684 2846 Sed
717 2782 781 2846 ista
814 2784 907 2858 ratio,
941 2783 968 2845 si
1002 2787 1122 2857 tenent,
1153 2780 1276 2844 rnilitnt

230 2891 339 2950 contra
367 2884 563 2970 Magistrum
587 2905 704 2948 meum.
749 2884 838 2948 Nam
869 2885 939 2970 ipse
963 2881 1141 2947 necessario
1166 2886 1215 2945 est
1240 2881 1275 2945 in

230 2985 304 3059 Deo,
331 2992 366 3050 ct
397 2985 618 3061 essentialiter,
645 2985 673 3049 si
703 3007 843 3070 prensens
873 3005 939 3050 non
969 2983 1074 3049 solum
1104 2981 1273 3065 objective,

229 3089 281 3152 sed
296 3087 487 3172 subjective,
505 3094 543 3151 ut
560 3093 671 3164 tenct;
695 3094 729 3151 et
743 3088 817 3152 ideo
832 3088 901 3151 sine
926 3087 1099 3172 pnesontia
1121 3106 1180 3148 sun
1198 3085 1275 3148 renli

229 3187 1275 3273 Qmemmmwfflmwmwmm

226 3297 397 3356 contractu
440 3313 580 3376 prensens
621 3291 780 3367 interluit,
827 3313 940 3354 verum
982 3291 1081 3354 etianr
1126 3288 1172 3352 ibi
1211 3289 1275 3352 fuit

228 3394 441 3479 omnipotens,
459 3399 492 3456 ct
517 3392 626 3457 omnia
650 3392 775 3471 sciens;
799 3396 832 3456 et
852 3393 925 3456 ideo
951 3415 1018 3457 non
1036 3392 1200 3457 vocandus
1225 3397 1274 3454 cst

226 3503 264 3559 ut
288 3495 390 3571 testie,
417 3494 473 3558 sed
500 3494 755 3579 interpellandus
781 3500 820 3558 ut
846 3494 971 3579 judex;
1004 3518 1024 3557 a
1048 3493 1139 3579 cujus
1165 3499 1274 3556 tumen

226 3597 390 3662 sententia
406 3596 565 3660 declinare
581 3596 698 3660 licebit.

270 3699 367 3778 Quod
394 3704 505 3763 autern
532 3698 641 3762 innuit
672 3698 795 3762 Ductor
818 3721 870 3763 me
894 3704 1026 3763 tontum
1050 3698 1274 3762 commendare

223 3812 328 3867 cartas
329 3849 521 3876 .......
523 3797 779 3885 ⁶qne1nlntbct
804 3800 1038 3877 admirationis,
1067 3822 1140 3864 curn
1169 3801 1274 3865 ornnis

226 4049 394 4061 -1—..-,-.
461 4051 555 4058 ......-.
608 4047 701 4053 ----
760 4046 989 4054 .,-,‚‚....„„.„
1010 4046 1107 4054 .....,,
1154 4048 1205 4053 ,,,

257 4200 350 4250 'Mau
362 4199 432 4248 xviii.
445 4205 485 4249 20.
773 4198 916 4263 frequently
936 4199 1083 4263 erchengetl
1107 4198 1132 4247 in
1156 4198 1231 4247 MSS.
1250 4198 1280 4248 ol

255 4279 358 4343 ἐπει]
378 4288 457 4337 otest,
471 4278 526 4327 MS.
774 4278 897 4328 thisdnte.

255 4359 353 4407 'Some
371 4359 453 4406 words
473 4358 555 4406 would
573 4372 638 4408 seem
655 4365 681 4406 to
696 4357 727 4407 be
808 4356 913 4422 ⁴potet]
934 4356 1044 4420 supplied
1063 4372 1095 4405 on
1116 4356 1275 4418 conjecturc;

221 4437 270 4486 lost
280 4436 347 4494 herc,
357 4437 440 4485 unless
453 4437 495 4485 the
506 4445 561 4485 true
573 4438 676 4499 reading
687 4438 726 4494 be,
774 4436 819 4484 but
831 4436 844 4484 1
855 4436 957 4485 distrnst
969 4436 1017 4485 this
1028 4436 1108 4485 whole
1120 4445 1243 4484 sentence.

224 4533 269 4563 non
282 4514 373 4564 melica
388 4532 433 4572 rec,
447 4514 490 4564 sed
501 4515 572 4564 Dens
584 4517 642 4580 ipse.
677 4514 727 4563 Pro
809 4516 819 4544 ³
831 4515 931 4564 Several
939 4516 1020 4565 words
1027 4529 1118 4578 appear
1127 4515 1191 4563 tobc
1199 4519 1275 4559 want·

225 4595 325 4643 materia
339 4602 416 4643 tannen
430 4595 628 4658 ‹rrgnmenttetc
663 4594 727 4645 Cum
775 4593 819 4657 ing
830 4594 896 4642 here.
926 4593 1085 4643 Thercisno
1096 4592 1152 4656 sign
1165 4591 1193 4639 ol
1202 4587 1275 4638 omis·

224 4675 283 4737 (cis)
295 4674 345 4722 and
360 4682 442 4724 tamen
458 4673 513 4735 (tri)
531 4689 573 4723 ere
589 4674 666 4738 easily
678 4673 728 4722 and
775 4673 830 4722 sion
842 4671 868 4720 in
880 4673 922 4722 the
933 4671 989 4723 MS.
