3008 5490
250 724 293 785 84
562 730 740 780 mscrcum
763 728 987 780 zlzsnronmr

251 923 337 988 enim
364 926 413 986 est
437 918 612 986 verisimile
639 918 727 1005 quod
751 917 798 982 ibi
822 916 1018 1003 loquebatur
1044 914 1084 981 de
1108 921 1178 981 ess'e
1203 915 1306 996 reoli3

250 1044 324 1090 cum
350 1023 438 1088 dicat
467 1022 559 1099 infru,
592 1043 658 1106 cap.
685 1024 741 1086 18⁰
764 1019 909 1104 ejusdem
933 1016 1033 1096 libri,¹
1075 1026 1092 1103 ‘.‘
1106 1017 1227 1094 Nota?
1256 1017 1309 1083 in·

251 1126 332 1212 quit,
360 1125 463 1190 “fecit
490 1125 588 1202 Deus,
613 1145 679 1187 non
697 1123 784 1186 facto
801 1121 978 1209 cognovit;
1000 1117 1171 1208 proinde,’'
1184 1118 1304 1206 iuquit.

252 1236 269 1262 “
285 1233 460 1312 antequam
476 1227 600 1302 fierent,
617 1230 651 1289 ct
669 1231 771 1300 erunt,
788 1230 821 1288 et
843 1246 910 1288 uon
930 1228 1044 1301 erm1t;
1067 1227 1162 1287 erent
1182 1221 1220 1286 in
1243 1221 1306 1286 Dei

251 1338 269 1364 “
292 1329 435 1405 scientia,
460 1350 526 1392 non
550 1332 644 1391 enuit
668 1326 704 1389 in
727 1348 786 1390 suo
810 1325 954 1390 naturu”
999 1324 1044 1388 Et
1068 1324 1197 1389 aestimo
1218 1324 1307 1409 quod

251 1430 310 1495 sic
336 1431 420 1495 foret
450 1430 546 1494 valde
578 1427 683 1492 debile
713 1450 780 1492 esse
810 1428 897 1512 quod
928 1430 1167 1512 compateretur
1196 1447 1305 1491 secum

251 1555 346 1597 suum
377 1530 687 1608 contradictoriu1n;
725 1533 763 1593 ut
794 1529 882 1614 quod
912 1527 1038 1612 aliquid
1075 1526 1121 1591 sic
1147 1531 1228 1604 erat,
1267 1533 1303 1592 et

252 1642 363 1700 tamen
387 1657 453 1699 non
477 1640 554 1698 erat.
601 1632 671 1696 Nec
695 1631 784 1695 volet
809 1631 913 1695 dicere
940 1631 1028 1716 quod
1051 1631 1116 1695 istu
1139 1652 1208 1696 non
1232 1652 1305 1696 con·

251 1738 428 1812 trodicunt,
453 1740 554 1810 erint,
581 1740 615 1799 et
639 1755 707 1798 non
734 1738 849 1810 eront;
879 1732 957 1818 quic
981 1754 1049 1797 esse
1073 1733 1235 1819 accipitur
1257 1732 1305 1797 ibi

252 1840 416 1922 equivoco,
447 1838 569 1901 scilicet
600 1857 659 1921 pro
689 1856 756 1899 esse
787 1833 995 1920 intelligibili,
1021 1839 1055 1899 et
1081 1856 1150 1899 esse
1176 1834 1304 1900 actuali.

253 1939 326 2003 Hoc
356 1939 442 2003 enim
474 1939 560 2013 doto,
592 1936 749 2022 Magister
779 1958 870 2000 meus
900 1935 1046 2022 procedit
1076 1958 1118 2001 ex
1148 1937 1305 2022 equivoco

251 2040 392 2124 probans
416 2040 504 2124 quod
528 2060 622 2102 omne
647 2038 853 2124 proeteritum
880 2038 932 2102 vel
956 2038 1105 2102 futurum
1130 2039 1246 2104 existit
1270 2039 1305 2104 iu

252 2147 395 2226 tempore
416 2162 482 2212 sno,
499 2162 557 2224 per
578 2140 638 2203 hoc
654 2140 741 2223 quod
766 2140 877 2203 omnin
892 2144 970 2204 sunt
985 2139 1147 2224 objective
1167 2140 1204 2203 in
1226 2140 1305 2205 Deo.

252 2242 313 2306 Vel
343 2263 419 2327 ergo
451 2241 609 2326 Magister
642 2263 708 2304 non
746 2242 866 2326 probat
896 2242 1081 2328 opinionem
1119 2264 1221 2318 sunm,
1252 2243 1305 2307 vel

251 2344 457 2429 Augustinus
488 2343 634 2407 concedit
665 2344 955 2408 contradictionem
982 2343 1197 2421 manifestam,
1223 2345 1306 2408 noci-

251 2446 369 2532 piendo
393 2450 569 2530 utrumque
593 2444 679 2509 sicut
694 2446 796 2509 verbo
820 2451 945 2510 sonant.
992 2445 1109 2510 Restnt
1124 2468 1201 2532 ergo
1217 2447 1305 2532 quod

216 2602 219 2611 .
252 2548 415 2612 sententio
429 2546 609 2633 Augustini
629 2545 705 2611 telis
726 2552 775 2612 est
796 2548 881 2612 sicut
905 2548 1053 2634 praedixi,
1078 2548 1202 2613 scilicet
1218 2549 1305 2633 quod

253 2649 380 2735 aliquid
394 2650 514 2714 dicitur
533 2649 580 2713 ibi
605 2671 680 2725 esse,
696 2649 754 2713 ubi
773 2655 822 2713 est
842 2650 985 2734 perfecto
1005 2650 1187 2716 similitudo
1207 2651 1303 2728 illius,

253 2775 320 2817 non
344 2753 422 2837 quio
445 2752 502 2815 ille
525 2773 575 2816 res
599 2751 647 2815 ibi
671 2756 730 2827 cst,
754 2752 811 2815 sed
835 2752 882 2815 ibi
907 2750 1134 2837 cognoscitur.³

299 2855 372 2919 Hoc
399 2855 485 2919 idem
511 2855 611 2919 etiam
634 2858 769 2938 apparet
794 2875 861 2917 esse
882 2854 922 2918 tle
948 2854 1130 2918 intentione
1146 2855 1303 2932 Anselmi,

255 2957 311 3040 qui
326 2962 499 3041 postquam
517 2955 713 3040 praedixernt
729 2955 815 3039 qnod
840 2955 949 3018 omnia
964 2962 1072 3019 creata
1087 2978 1214 3041 semper
1228 2961 1305 3021 sunt

255 3059 291 3120 in
315 3058 408 3136 l)eo;
432 3065 544 3142 posteo
562 3080 630 3143 esp.
648 3056 708 3122 36⁴
734 3056 950 3141 Monologion,
968 3058 1051 3122 sicut
1078 3058 1160 3122 bcne
1185 3059 1306 3144 allegat

257 3159 414 3242 Magister
438 3181 538 3233 meus,
564 3159 612 3222 ita
636 3158 754 3222 scribit.
803 3166 819 3192 “
836 3157 960 3234 Nulli,''
990 3159 1105 3243 inquit,
1136 3160 1304 3225 “dubium

256 3270 272 3292 “
289 3264 412 3321 creatus
436 3258 636 3321 substantias
659 3259 764 3323 multo
788 3260 883 3323 aliter
909 3281 976 3323 esse
1003 3261 1037 3323 in
1062 3261 1183 3344 seipsis
1206 3284 1304 3347 quam

255 3359 322 3420 “in
346 3365 457 3421 nostru
477 3357 617 3420 scientia„
666 3359 707 3421 In
727 3361 839 3444 seipsis
864 3383 1003 3446 namque
1023 3369 1100 3425 sunt
1118 3385 1176 3447 per
1200 3365 1303 3449 ipsam

254 3470 270 3495 ‘¹
287 3481 378 3523 sirum
413 3459 608 3536 essentiam
641 3459 676 3521 in
706 3469 817 3525 nostra
847 3485 924 3526 vero
955 3464 1096 3538 scientia,
1130 3487 1195 3528 non
1227 3474 1304 3530 sunt

254 3560 581 3637 “em·un1esserttiae,
609 3560 688 3626 sed⁵
712 3563 969 3628 similitudines.”
1016 3565 1098 3629 Eoce
1125 3588 1224 3650 quam
1249 3590 1305 3631 ex-

252 3687 358 3752 presse
377 3661 585 3745 semetipsum
606 3665 740 3748 exponit
766 3665 947 3739 Anselmus,
970 3667 1047 3751 quio
1065 3668 1196 3733 dixerat
1217 3670 1304 3753 quod

252 3790 303 3831 res
327 3771 404 3830 sunt
429 3765 463 3827 in
487 3770 599 3829 nostru
629 3767 771 3842 scientio,
798 3765 903 3852 quod⁰
933 3768 1164 3834 similitudines
1191 3792 1303 3835 earum

252 3874 286 3932 et
313 3890 379 3931 non
403 3866 568 3931 essentiis:
594 3873 627 3931 et
652 3874 778 3933 constat
802 3870 889 3953 quod
919 3871 976 3933 ubi
1001 3872 1142 3934 essentia
1166 3873 1213 3936 rei
1237 3895 1303 3936 non

253 3976 310 4045 est,
326 3991 385 4033 nec
410 3969 467 4032 illa
492 3990 541 4033 res
566 3969 612 4033 ibi
637 3977 693 4035 est.
741 3971 836 4050 Quod
860 3977 969 4036 autem
995 3974 1108 4038 subdit
1128 3996 1179 4039 res
1194 3976 1304 4039 verius

253 4093 320 4136 esse
344 4072 380 4135 in
405 4071 484 4148 Deo,
510 4093 609 4158 quam
634 4071 668 4137 in
693 4073 812 4159 seipsis,
840 4073 918 4160 quin
942 4075 976 4138 in
1005 4074 1075 4140 Deo
1100 4083 1178 4142 sunt
1204 4078 1303 4154 Deus,

573 4288 915 4296 -————.---*..-...
929 4289 1000 4295 .--...
1009 4289 1030 4295 .-
1046 4288 1300 4298 .--——-—a--.

287 4421 293 4450 ¹
307 4417 352 4468 ie.
366 4418 456 4468 Gener.
469 4420 501 4468 ud
513 4418 630 4477 litterum,
642 4419 684 4468 lib.
697 4436 721 4470 v.
832 4425 840 4453 ⁴
852 4423 898 4487 3⁶]
919 4429 959 4479 46,
972 4423 1026 4472 MS.

285 4497 355 4561 ²sir]
370 4498 441 4557 sicut,
450 4497 506 4546 MS.
530 4498 752 4560 Perhapsecluuso
832 4503 906 4566 θεαὶ]
926 4505 968 4551 sed
982 4518 1075 4562 carum,
1086 4510 1140 4553 text
1151 4504 1181 4552 ot*
1190 4505 1226 4552 St.
1240 4506 1305 4554 Ans.

253 4578 274 4626 ie
286 4577 340 4625 lost.
831 4581 925 4644 ltpariul]
940 4590 971 4640 ct,
980 4582 1051 4640 Μὴ
1067 4598 1081 4631 n
1093 4593 1193 4646 stiungc
1205 4585 1249 4633 bnt
1261 4594 1306 4634 not

286 4658 295 4687 ¹
306 4656 468 4722 cognoscitur]
488 4655 632 4721 ignoscitur,
644 4655 700 4706 MS.
799 4675 947 4710 uncomrnon
959 4660 1064 4713 mistokc
1077 4661 1102 4710 in
1115 4677 1161 4711 our
1173 4661 1229 4713 MS.
