3008 5490
548 251 726 305 rmcrcrm
749 253 974 305 zrznmonuu
1222 241 1286 309 249

225 437 437 507 remotione¹
470 437 690 525 impertinens,
722 442 849 516 oetendi
887 441 975 526 quod
1008 440 1132 505 domini
1161 448 1282 529 tempo·

226 542 324 609 tales
346 547 543 629 potestatem
567 541 691 608 habent
714 542 946 608 subtrahendii
966 566 1041 607 auae
1067 545 1286 629 eleemosynas

228 642 376 711 collatae
421 643 570 719 eoelesiae,
601 645 673 730 ipsa
727 644 792 709 illis
838 644 1051 730 eleemosynis
1104 646 1284 722 abutente;

228 749 272 813 ea
303 745 393 832 quod
428 745 504 810 talis
543 744 666 810 ablatio
704 746 788 810 foret
825 747 861 810 in
898 768 973 810 casu
1019 745 1115 832 pluo³
1155 748 1287 812 merito

228 846 287 913 ria
316 869 416 933 quam
457 847 548 933 prior
583 848 720 924 oollatio,
753 870 790 912 eo
821 847 910 932 quod
947 848 1003 911 illa
1032 847 1117 912 foret
1146 849 1181 912 in
1211 871 1286 914 casu

227 948 410 1037 spirituale
452 971 534 1035 opus
573 949 810 1035 misericordiae
836 950 965 1014 salvans
1002 950 1145 1014 animam
1183 974 1204 1014 a
1234 974 1288 1037 ge-

234 1050 358 1126 henna,
399 1057 434 1116 et
479 1051 656 1138 impetrans
694 1051 880 1137 utrimque⁴
915 1051 1177 1116 beatitudinem:
1224 1053 1287 1117 col-

233 1151 320 1218 latio
351 1174 429 1218 vero
459 1153 551 1242 talis·
573 1151 807 1239 eleemosynae⁵
838 1158 957 1238 praeter
987 1152 1040 1217 vel
1070 1158 1184 1217 eontra
1213 1154 1288 1218 reli·

234 1253 369 1342 gionem
408 1276 506 1340 quam
550 1254 700 1321 Christus
752 1255 905 1330 irretituit,
946 1256 1070 1319 relevat
1111 1277 1226 1340 eorpus
1267 1278 1287 1319 a

234 1355 410 1442 temporali
439 1357 569 1421 miseria
592 1362 749 1442 tunquam
779 1357 981 1442 eleemosyna
1007 1357 1185 1442 corrorahs.
1233 1357 1285 1433 Et,

234 1462 277 1522 ut
306 1457 447 1534 videtur,
479 1458 563 1522 sicut
601 1457 727 1522 dotatio
766 1462 874 1543 puteat
914 1480 981 1522 esse
1021 1459 1141 1523 ooeaaio
1183 1458 1286 1523 beati-

234 1558 387 1639 tudinis;
427 1560 473 1624 sio
501 1560 710 1624 verisimilius
748 1559 877 1624 ablatio.
940 1560 1019 1623 Dixi
1059 1564 1169 1625 tamen
1199 1561 1287 1645 quod

235 1660 300 1726 hoe
339 1683 405 1725 non
450 1662 526 1727 lieet
567 1661 670 1726 faeere
711 1661 774 1724 nisi
819 1662 1012 1725 auctoritate
1058 1662 1206 1737 eeclesire,
1250 1663 1285 1726 in

234 1762 368 1828 defectu
393 1763 570 1850 spiritualis
599 1764 772 1849 praepositi,
804 1769 839 1828 et
868 1763 903 1827 in
933 1785 1008 1827 casu
1035 1787 1100 1849 quo
1123 1764 1286 1829 eeclesias·

233 1865 322 1931 ricus
349 1864 570 1952 corripiendus
594 1865 694 1929 fuerit
717 1887 738 1928 a
761 1864 825 1929 fide
852 1863 990 1929 deviua⁰

725 2061 804 2127 VII.

282 2197 410 2263 Scimus
440 2197 528 2282 quod
558 2221 623 2262 non
654 2205 704 2262 est
738 2199 890 2284 possibile
921 2205 960 2262 ut
989 2199 1129 2263 vicarius
1161 2198 1284 2264 Christi
1297 2201 1445 2279 Eighrcou·

233 2322 318 2386 pure
343 2321 386 2364 ex
410 2298 509 2364 bullis
534 2301 609 2376 sule,
626 2301 678 2365 vel
703 2323 744 2365 ex
771 2300 844 2377 illis,
870 2322 943 2364 cum
969 2300 1135 2364 volitione⁷
1157 2307 1191 2364 et
1210 2323 1284 2364 eou-
1297 2269 1451 2401 {Lfflissing

234 2424 334 2468 sensu
364 2425 431 2477 suo,
462 2407 521 2466 aut
562 2403 612 2467 sui
651 2402 783 2488 collegii,
816 2425 1011 2488 quemquam
1051 2401 1202 2467 habilitet
1232 2403 1441 2480 velercornmu-

234 2502 433 2568 inhabilitet.
1297 2476 1428 2518 nleattoufl·

267 2604 382 2670 Patet
410 2627 452 2669 ex
481 2604 545 2670 fide
576 2605 752 2690 Scripturae
782 2628 847 2690 qua
886 2606 988 2671 eredit
1027 2605 1159 2671 ecclesia
1197 2606 1284 2690 quod

235 2711 368 2792 oportet
397 2728 527 2770 omnem
563 2706 824 2772 habilitationem
859 2706 999 2778 hominis
1028 2706 1133 2792 primo
1163 2730 1183 2770 a
1214 2708 1284 2772 Deo

235 2807 417 2893 proaedere.
478 2806 599 2872 Nullus
636 2813 746 2872 autem
784 2807 906 2874 Christi
936 2809 1076 2873 vicarius
1113 2807 1212 2873 habet
1249 2810 1284 2871 in

233 2909 301 2974 isto
327 2913 530 2995 potestatem,
558 2909 621 2973 nisi
648 2909 775 2988 vicarie,
801 2909 836 2972 in
866 2909 996 2974 nomine
1021 2909 1091 2984 Dei,
1119 2910 1284 2974 notificare

235 3009 378 3075 eeclesiae
405 3033 501 3096 quem
529 3010 619 3075 Deus
648 3009 809 3074 habilitat.
856 3010 935 3075 Ideo
962 3010 989 3073 si
1013 3010 1186 3095 qmcquam
1207 3010 1285 3074 facit

236 3135 304 3176 non
335 3113 453 3176 vicarie
491 3113 525 3176 iu
562 3111 692 3176 nomine
727 3112 869 3188 Domini,
902 3135 998 3197 quem
1035 3110 1173 3197 praeter⁸
1204 3135 1284 3197 opus

235 3237 333 3279 suum
357 3211 578 3300 rocognoseat⁰
593 3221 764 3289 auctorem,
791 3220 840 3278 ost
867 3214 1034 3278 luciferina
1055 3215 1264 3299 praenurrrptio
1276 3239 1284 3291 ;

235 3339 311 3382 eum
335 3317 476 3380 secunda
498 3314 571 3380 ad¹⁰
587 3315 731 3381 Corinth.
754 3333 804 3381 111.
831 3320 859 3390 5,
884 3316 972 3379 dieat
995 3315 1143 3381 Christm
1168 3316 1202 3378 in
1226 3338 1284 3379 suo

236 3418 382 3504 apostolo
409 3416 532 3483 Omnia
559 3423 674 3483 nostro
698 3415 906 3503 sufficieutia
932 3439 971 3483 aa
995 3417 1065 3484 Deo
1089 3423 1141 3483 eat.

238 3646 267 3655 ..-
278 3648 284 3653 -
292 3647 333 3653 -..-
344 3645 658 3653 .-------..—————
665 3645 771 3651 .-—-....-.
795 3645 950 3651 ⁴—...r-.
965 3644 1101 3651 ....——
1112 3645 1165 3650 .-
1173 3642 1285 3650 ...ο-

270 3804 426 3868 'remathad
457 3810 628 3867 consequente,
652 3802 686 3862 Λ,
711 3798 737 3852 in
815 3800 931 3868 werina]
954 3803 980 3852 Λ
1000 3802 1069 3865 adds,
1081 3802 1156 3854 etiam
1176 3803 1281 3864 inuritis,

236 3882 283 3947 up.
296 3883 377 3933 Bnle'r
389 3883 498 3946 writing,
511 3897 571 3933 over
582 3898 614 3931 an
630 3896 736 3932 erasure.
782 3881 845 3932 aller
856 3897 871 3931 a
881 3881 959 3931 blank
970 3898 1051 3947 opaco.

269 3961 460 4027 'ruhhahemffl
475 3977 522 4012 om.
536 3962 564 4012 C.
815 3962 823 3989 ⁷
836 3959 955 4027 volitione]
969 3956 1108 4023 volueione,
1121 3963 1153 4012 A.

270 4040 358 4107 ιρΙιιιε]
381 4041 458 4105 prius,
479 4040 512 4090 Α.
546 4041 593 4104 Bp.
614 4041 676 4090 Bale
692 4039 737 4089 hae
815 4035 935 4105 ψηκτον]
949 4039 1039 4104 p‘,h;
1057 4048 1165 4105 propter,
1178 4041 1206 4091 O.

237 4120 435 4179 vriitenabove
448 4119 536 4183 potius.
565 4134 693 4180 emmona.
706 4119 734 4170 C.
814 4119 999 4185 ”rccoyaooeoq
1021 4119 1166 4183 precogitat,
1179 4119 1223 4176 A,
1241 4133 1281 4168 re·

241 4201 246 4216 '
266 4187 280 4227 '⁴
292 4198 420 4261 utrimque]
434 4206 572 4261 utramque,
584 4198 617 4247 A.
783 4197 884 4261 cogitat,
898 4198 926 4248 C.

271 4274 453 4341 Hiemem]
467 4275 579 4338 ecclesie,
592 4277 625 4325 A.
817 4278 835 4307 ¹·
845 4276 949 4327 munda
960 4276 1007 4343 ud]
1021 4277 1109 4342 prima,
1123 4269 1154 4327 Δ.
