3158 5490
321 720 364 784 50
632 727 812 780 rasorcocr
834 728 1071 812 zrzasrorsa

320 919 430 1003 aliqua
456 919 507 983 sui
532 922 632 1004 parte,
661 919 744 982 bene
770 922 880 1004 posset
903 921 1084 1003 competere
1107 914 1165 981 isti
1189 913 1368 1003 particulae,

320 1022 401 1086 Noa
438 1040 517 1086 sam
553 1019 659 1104 filios
693 1018 871 1105 propbeta,
911 1019 988 1104 quia
1019 1039 1078 1103 per
1106 1018 1168 1083 hoc
1202 1019 1370 1083 intellexit

318 1121 420 1187 Amos
442 1143 476 1186 se
498 1143 565 1186 non
585 1143 653 1186 esse
668 1121 861 1207 prophetam
876 1143 919 1186 ex
933 1120 1164 1205 consequentia
1183 1120 1368 1207 parentalis„

320 1223 387 1290 Sed
415 1224 505 1288 istud
541 1225 629 1309 quod
666 1224 811 1309 assignat
841 1222 877 1288 Β.
910 1221 1085 1310 Gregorius
1122 1227 1174 1287 est
1207 1222 1368 1310 expositio

235 1345 237 1351 ’
319 1325 418 1411 hujus
439 1331 558 1400 textus,
586 1323 664 1390 Nora
686 1346 764 1390 sam
783 1323 956 1410 propbeta

202 1433 208 1447 '
365 1428 451 1507 Quia
490 1433 601 1491 tamen
639 1427 742 1491 instat
781 1426 940 1512 Magister
977 1429 1017 1489 ut
1054 1425 1190 1511 probem
1226 1425 1367 1512 glossam

155 1581 184 1679 rn
194 1581 207 1614 r
242 1592 252 1604 .
319 1551 433 1606 meam,
464 1529 614 1614 quamvis
636 1528 812 1592 auctoritas
834 1527 936 1593 sancti
961 1527 1112 1591 Doctoris
1134 1525 1299 1607 sufficiat;
1324 1549 1368 1592 ex

318 1631 597 1718 superabundanti
623 1630 705 1694 facio
729 1651 832 1693 unum
856 1629 956 1694 breve
980 1629 1124 1692 medium
1144 1629 1218 1693 tale.
1264 1629 1368 1694 Amos

265 1728 412 1810 dixit,
443 1733 525 1798 Nora
555 1753 635 1798 sum
656 1731 820 1817 propbeta
850 1730 934 1796 sicut
956 1730 1096 1795 habetur
1118 1730 1195 1794 libri
1217 1731 1269 1795 sui
1298 1752 1367 1817 cap.

318 1852 380 1899 vn.
408 1837 475 1898 14:
504 1856 613 1920 qusero
636 1833 701 1909 ubi,
727 1855 770 1898 an
792 1839 871 1897 tunc
895 1833 983 1897 dixit
1007 1854 1124 1896 verum
1149 1832 1203 1896 vel
1226 1831 1368 1897 folsumt

318 1935 355 2000 Si
385 1935 528 2014 falsum3
558 1942 638 2000 tunc
662 1935 749 1999 dixit
771 1935 889 2000 falsum
919 1934 973 1999 vel
999 1934 1205 1998 mendacium
1236 1934 1367 2020 publice

316 2037 375 2100 uni
398 2037 552 2112 idolatrae,
569 2038 657 2121 quod
675 2042 775 2123 negat
794 2041 864 2101 tarn
886 2035 1072 2122 Gregorius,
1086 2056 1184 2121 quam
1207 2035 1368 2122 Magister

316 2159 415 2201 meus.
463 2139 499 2203 Si
532 2139 619 2202 dixit
649 2161 789 2216 verum3
822 2160 900 2224 ergo
927 2143 1007 2202 tunc
1036 2137 1102 2202 fuit
1129 2158 1245 2202 verum
1277 2138 1367 2224 quod

317 2238 419 2303 Amos
457 2260 523 2303 non
560 2244 609 2304 est
646 2240 812 2327 propheta,
841 2263 901 2326 pro
935 2241 999 2304 ista
1029 2261 1201 2319 mensura;
1232 2244 1267 2304 et
1296 2239 1367 2304 haec

316 2344 367 2404 est
399 2341 504 2426 glossa
537 2363 610 2405 mea
640 2363 739 2426 quam
770 2342 927 2428 Magister
956 2363 1049 2406 meus
1078 2340 1238 2426 reprobat,
1271 2363 1366 2405 suam

316 2443 575 2507 commendando.
636 2443 702 2507 Sed
743 2443 821 2527 quia
858 2445 901 2508 ad
939 2442 1000 2508 hoc
1041 2464 1106 2508 non
1144 2443 1223 2508 facit
1266 2464 1366 2530 argu·

315 2550 471 2621 mentum,
495 2549 563 2609 stat
584 2545 703 2631 positio
727 2545 811 2609 sicut
835 2547 932 2632 prius.

360 2647 484 2713 Tamen
506 2648 643 2712 rdterius
665 2648 700 2711 in
722 2646 783 2712 hac
805 2649 918 2712 eadem
933 2646 1072 2712 materia
1086 2667 1151 2731 quo
1166 2647 1209 2711 ad
1223 2646 1364 2711 auctori-

315 2752 419 2814 tatem
450 2749 607 2836 Gregorii,
639 2751 769 2813 dixerat
794 2749 952 2834 Magister
982 2749 1070 2833 quod
1101 2771 1167 2813 non
1204 2748 1363 2834 sequitur,

162 2870 186 2903 ¹1¹
315 2857 394 2915 tune
428 2851 533 2915 defuit
567 2851 629 2915 sibi
662 2851 773 2915 lumen
804 2851 1037 2936 propheticum,
1073 2871 1150 2936 ergo
1183 2855 1263 2914 tunc
1296 2872 1362 2914 non

314 2953 432 3017 habuit
469 2954 556 3018 idem
590 2953 707 3017 lumen.
752 2951 876 3017 Contra
907 2952 996 3036 quod
1017 2953 1194 3037 arguebam
1216 2973 1276 3038 per
1298 2951 1363 3037 sig-

313 3055 532 3120 nificationem
564 3055 697 3118 tormini
727 3075 826 3138 quam
856 3059 983 3139 ponunt
1020 3053 1197 3118 Januensis
1229 3053 1265 3117 in
1302 3074 1363 3117 suo

312 3155 510 3230 Catholicon,
542 3160 577 3219 et
601 3155 730 3240 Uguoio
765 3155 900 3218 Pisanus
923 3155 958 3218 in
981 3153 1249 3220 Derivationibus
1270 3154 1360 3230 suis,¹

312 3258 455 3320 dicentes
479 3257 562 3319 hanc
592 3278 660 3320 esse
684 3256 902 3321 differentiam
927 3256 1013 3320 inter
1035 3257 1146 3321 abesse
1169 3261 1204 3320 et
1226 3256 1359 3322 deesse:

314 3355 480 3431 “Abest'’
503 3356 666 3440 inquiunt,
685 3358 799 3441 “quod
821 3360 916 3443 longe
935 3363 1004 3437 est;
1027 3358 1118 3422 deest
1140 3358 1228 3443 quod
1250 3358 1362 3423 deficit

313 3462 381 3521 “et
410 3480 475 3522 non
510 3458 652 3529 habetur
665 3456 693 3538 ;'’
730 3481 808 3544 ergo
838 3459 995 3545 quicquid
1027 3460 1119 3524 deest
1155 3457 1255 3523 alicui
1294 3480 1362 3523 non
1426 3456 1430 3462 ’

310 3559 450 3624 habetur
480 3560 522 3624 ab
553 3560 673 3624 eodem.
734 3561 798 3624 Pro
830 3561 1035 3646 responsione
1072 3561 1115 3624 ad
1152 3560 1243 3625 istud
1280 3561 1361 3625 dicit

311 3661 470 3747 Magister
493 3662 581 3746 quod
602 3682 669 3724 non
691 3663 845 3746 sequitur,
871 3663 899 3725 si
925 3663 1050 3747 aliquid
1075 3661 1165 3727 deest
1187 3667 1267 3727 tunc
1291 3683 1360 3727 non

309 3767 368 3837 est,
388 3764 537 3846 quamvis
556 3762 591 3824 B.
609 3763 813 3847 Augustinus
836 3763 958 3828 x11⁰de
980 3763 1123 3829 Oivitate
1142 3762 1217 3842 Dei,
1239 3785 1306 3850 cap
1328 3767 1358 3841 3,

309 3868 428 3947 arguat
458 3863 662 3948 oppositum;
693 3865 771 3948 quia
804 3887 846 3928 ex
875 3864 936 3929 hoc
965 3865 1053 3949 quod
1073 3865 1195 3930 vitium
1226 3866 1358 3930 omnino

309 3965 407 4040 deest,
435 3964 598 4029 concludit
620 3965 707 4049 quod
729 3965 836 4050 ipsum
859 3988 924 4030 non
947 3971 1018 4044 est;
1041 3967 1098 4031 sed
1120 3966 1190 4031 sive
1212 3967 1265 4044 sit,
1288 3968 1358 4032 sive

309 4088 382 4141 non,
418 4065 478 4130 hoo
511 4071 561 4130 est
594 4067 804 4151 impertinens
838 4068 925 4132 dicto
959 4089 1041 4148 mec,
1075 4073 1109 4134 et
1142 4068 1215 4134 ideo
1244 4073 1358 4136 contra

308 4167 397 4231 istud
420 4167 574 4252 replicare
596 4189 662 4231 non
685 4172 819 4253 oportet

118 4254 236 4306 ⁰⁸⁰⁰
180 4271 227 4305 ⁰⁰
223 4269 251 4370 δῖ
355 4270 540 4333 Prfetorea
532 4292 566 4332 rn
581 4269 642 4333 hac
657 4271 793 4334 materia
809 4271 890 4335 dicit
905 4271 1028 4337 Doctor
1042 4272 1082 4335 de
1098 4271 1205 4357 glossa
1215 4229 1355 4358 quadam

117 4338 236 4438 pgopprpn
310 4371 511 4434 interlineari
527 4393 625 4455 quom
641 4372 764 4436 aclduxi
779 4395 838 4458 pro
861 4395 920 4448 me,
946 4374 1033 4458 quod
1056 4379 1106 4437 est
1092 4374 1299 4440 tasseronda
1313 4376 1355 4440 ab

334 4542 435 4550 ...-

689 4627 695 4655 ¹
709 4621 755 4672 See
766 4621 858 4683 before,
871 4637 894 4685 p.
907 4628 947 4672 23.
