3008 5490
64 2027 112 2078 His
122 2027 198 2081 sixth.

231 685 275 752 96
544 700 722 751 rusoroum
744 701 968 752 zrzamonuu.

233 890 318 975 oepit
355 889 443 967 scire,
466 889 565 955 'istud
601 896 634 955 et
664 890 776 956 taliter
813 891 854 956 ab
892 897 1014 956 aeterno
1051 891 1167 958 scivit:
1206 913 1281 979 ergo

232 992 324 1056 Deus
354 992 396 1055 ab
419 998 542 1057 oeterno
572 993 668 1058 scivit
690 1015 742 1057 me
773 1015 859 1058 nunc
889 1016 957 1058 esse
989 994 1161 1059 actualiter
1187 1001 1282 1060 extra

234 1093 359 1171 Deum3
391 1095 449 1158 sed
473 1094 563 1158 Deus
593 1116 660 1158 non
689 1094 786 1160 scivit
816 1118 869 1160 me
895 1117 962 1160 esse
992 1096 1164 1161 actualiter
1187 1101 1282 1162 extra

232 1195 349 1273 Deum,
373 1196 436 1260 nisi
457 1197 587 1282 quando
607 1196 656 1262 fui
678 1197 850 1262 actualiter
873 1203 967 1263 extra
989 1197 1098 1263 Deum
1110 1223 1118 1277 ;
1142 1200 1283 1285 eoquod

232 1297 315 1361 nihil
339 1298 440 1363 soitur
461 1298 525 1362 nisi
547 1320 671 1376 vorum,
686 1300 864 1364 seeundum
879 1300 1050 1364 catholicos
1065 1323 1073 1380 3
1096 1323 1172 1386 ergo
1188 1308 1284 1366 aeter·

232 1400 352 1465 naliter
369 1423 492 1476 verum,
509 1399 574 1466 fuit
597 1401 685 1487 quod
707 1423 766 1487 ego
789 1423 876 1466 nuno
898 1424 970 1465 sum
993 1402 1165 1474 actualiter
1187 1408 1282 1468 extra

233 1501 349 1566 Deum.
410 1503 455 1568 Et
477 1503 526 1568 ita
547 1503 676 1589 probari
702 1509 810 1588 potest
840 1504 880 1567 de
910 1503 1000 1567 omni
1022 1510 1171 1569 creatura
1193 1507 1281 1590 quod
1316 1589 1318 1592 .

232 1602 303 1689 ipsa
326 1606 504 1670 secundum
526 1626 594 1670 esse
615 1605 753 1670 existere
768 1605 812 1670 sit
827 1611 957 1683 aeterna
974 1606 1063 1691 quod
1084 1605 1281 1692 Magistrum

233 1728 342 1770 meum
365 1707 430 1772 scio
453 1708 535 1773 velle
558 1729 682 1792 negare.
745 1755 749 1763 .

278 1808 349 1873 Aut
376 1832 451 1895 ergo
474 1809 557 1873 ratio
577 1832 637 1873 sua
658 1831 725 1873 non
748 1809 901 1894 procedit,
918 1813 977 1873 aut
1000 1809 1162 1875 concludit
1184 1833 1282 1897 oppo-

233 1910 335 1975 situm
357 1910 526 1996 positionis
550 1933 625 1987 suae,
652 1911 752 1974 immo
774 1911 924 1976 veritatis
947 1912 1120 1977 catholicae,

278 2012 337 2075 VI.
362 2012 463 2076 Sexto
493 2012 602 2097 arguit
628 2011 751 2077 Doctor
777 2014 971 2078 reverendus
1002 2020 1115 2078 contra
1144 2036 1196 2079 me
1227 2016 1282 2079 sie.

233 2112 343 2176 Primo
358 2113 512 2198 supponit
534 2119 692 2198 tunquam
708 2114 822 2178 datum
845 2115 888 2179 ab
903 2116 1087 2180 adversario
1110 2117 1198 2201 quod
1213 2138 1281 2181 esse

231 2215 387 2300 complete
402 2213 612 2301 praeteritum,
625 2215 717 2299 eujus
732 2214 853 2280 veritas
868 2238 934 2280 non
950 2217 1109 2302 dependet
1125 2240 1145 2281 a
1159 2218 1281 2296 futuro,

231 2317 407 2381 necessario
434 2316 505 2393 fuit,
530 2316 576 2381 sie
599 2318 687 2402 quod
709 2340 775 2381 non
798 2324 906 2403 potest
929 2340 996 2383 esse
1012 2319 1091 2405 quin
1107 2318 1193 2399 fuit;
1216 2341 1281 2405 quo

230 2419 397 2504 supposito
412 2420 520 2504 arguit
536 2419 587 2483 sic.
635 2418 672 2484 Si
689 2418 839 2485 Christus
854 2421 1028 2506 quicquam
1043 2422 1187 2498 asseruit,
1201 2423 1282 2488 illud

221 2526 287 2598 -est,
304 2520 377 2597 fuit,
394 2521 448 2586 vel
463 2522 526 2586 erit
537 2545 545 2596 3
555 2602 559 2607 Ι
570 2522 623 2587 vel
638 2521 707 2608 ipse
723 2523 862 2589 asseruit
876 2523 1001 2588 falsum.
1049 2523 1114 2588 Sed
1130 2523 1281 2589 Christus

231 2624 368 2689 asseruit
405 2624 615 2710 pestilentias,
647 2625 756 2701 fames,
795 2631 890 2691 terrm
928 2634 1044 2703 motus,
1084 2649 1209 2711 pugnas
1248 2632 1281 2692 et

229 2725 351 2791 multos
384 2726 586 2812 hujusmodi¹
611 2734 749 2793 tenores
780 2750 846 2793 esse
884 2729 1020 2806 futuros,
1045 2735 1083 2793 ut
1113 2732 1204 2813 patet
1239 2750 1280 2793 ex

231 2829 398 2915 evangelio
413 2830 439 2909 3²
462 2852 538 2916 ergo
568 2829 624 2892 illa
650 2837 736 2906 sunt,
762 2829 902 2903 fuerunt,
920 2830 973 2893 vel
995 2836 1100 2908 erunt,
1127 2830 1180 2892 vel
1206 2829 1281 2915 lpse

230 2931 368 2995 asseruit
389 2931 512 2995 ssimum.
560 2930 626 2994 Sed
647 2929 747 3013 juxta
772 2931 817 2993 sic
844 2931 1013 3014 opinantes
1040 2952 1104 2991 non
1130 2938 1208 2995 sunt
1228 2933 1281 2995 vel

230 3033 370 3106 suerunt,
399 3032 559 3116 loquendo
586 3033 625 3095 de
640 3032 705 3093 illis
732 3052 803 3114 quae
827 3030 931 3093 adhuc
958 3036 1034 3091 sunt
1050 3029 1180 3104 futura3
1205 3056 1282 3119 ergo

228 3140 334 3198 erunt.
381 3132 621 3217 Consequentia
651 3137 700 3195 est
731 3132 837 3209 bona;
875 3130 1067 3193 antecedens
1091 3136 1140 3195 est
1172 3154 1282 3199 neees-

230 3236 371 3308 sarium3
405 3256 480 3318 ergo
503 3253 707 3316 consequens.

276 3335 371 3412 Quod
392 3334 584 3397 antecedens
600 3333 643 3396 sit
665 3332 878 3396 necessarium
902 3334 1065 3418 probatur,
1084 3336 1160 3419 quia
1177 3339 1281 3422 major

229 3441 278 3499 est
305 3458 371 3498 una
393 3433 619 3498 conditionalis
635 3455 721 3509 vera,
739 3438 771 3496 et
795 3436 1024 3519 consequentia
1050 3437 1157 3516 borra3
1182 3447 1215 3503 et
1240 3443 1279 3505 de

228 3538 346 3601 minori
378 3538 423 3601 sie
454 3543 551 3622 patet.
598 3534 702 3598 Actus
734 3535 820 3598 enim
852 3537 977 3601 elicitus
1004 3561 1023 3600 a
1055 3539 1186 3602 Christo
1213 3565 1279 3605 nou

227 3641 300 3726 plus
324 3639 526 3725 dependebat
552 3660 573 3700 a
599 3637 717 3714 futuro,
735 3659 833 3722 quam
857 3645 948 3703 actus
971 3640 1104 3703 alterius
1128 3642 1276 3719 hominis,

227 3764 301 3806 oum
317 3743 360 3806 sit
376 3741 520 3825 ejusdem
536 3739 671 3802 rationis
687 3745 721 3802 et
736 3740 923 3824 perfectior3
949 3763 1023 3826 ergo
1039 3764 1131 3827 aeque
1151 3766 1277 3809 necesse

227 3849 277 3907 est
308 3843 475 3907 Christum
509 3841 553 3905 sic
584 3841 763 3916 asseruisse,
796 3842 879 3906 sieut
911 3864 1133 3927 quemcunque
1168 3852 1276 3910 actum

227 3945 360 4010 alterins
390 3944 530 4009 hominis
561 3943 735 4029 praefuisse.
780 3943 845 4007 Sed
876 3966 985 4008 omnes
1010 3944 1089 4009 alios
1112 3953 1204 4010 actus
1228 3957 1277 4012 est

226 4054 295 4112 tam
326 4047 539 4112 necessarium
565 4045 740 4130 praefuisse,
766 4047 852 4130 quod
876 4069 940 4109 non
968 4052 1074 4129 potest
1102 4069 1167 4111 esse
1195 4051 1275 4133 quin

227 4150 434 4235 praefuerunt,
470 4154 509 4213 ut
543 4147 622 4212 dicit
657 4147 789 4232 opini03
828 4169 903 4232 ergo
939 4168 995 4210 nec
1029 4153 1120 4211 actus
1152 4150 1275 4215 Christi

226 4258 333 4337 potest
367 4274 432 4315 non
464 4249 569 4314 fuisse.
628 4248 673 4312 Et
707 4255 786 4312 tune
825 4249 972 4333 sequitur
1003 4251 1090 4332 quod
1121 4251 1275 4336 quiequid

227 4353 376 4418 Christus
401 4352 538 4417 asseruit
568 4350 782 4415 necessarimn
807 4356 954 4425 estesse,
983 4351 1088 4426 fuisse,
1115 4352 1166 4414 vel
1198 4355 1272 4429 sore,

260 4633 423 4701 'liujusarodq
443 4633 524 4697 hujus,
536 4632 593 4683 MS.
740 4629 746 4697 Ι
810 4629 901 4680 ’Mna
915 4628 985 4680 xxiv.
998 4631 1021 4682 7.
