3158 5490
264 699 330 803 eoa
665 746 843 802 mumma
865 748 910 801 or

758 935 826 1000 111.

309 1050 345 1118 Si
372 1050 471 1117 debes
504 1048 662 1129 confiteri,
689 1071 758 1117 non
781 1047 965 1117 confitearis
998 1048 1165 1116 sacerdoti
1190 1048 1318 1124 vitioso,

264 1153 322 1218 sed
346 1153 447 1239 eligas
472 1152 537 1218 tibi
563 1153 778 1219 confessorem
804 1153 987 1229 discretum,
1014 1152 1051 1216 in
1075 1152 1151 1218 vita
1175 1152 1319 1231 bonnm;

265 1254 318 1320 cui
348 1254 377 1319 si
407 1255 503 1341 plene
533 1255 728 1334 confitearis,
760 1256 809 1321 ita
847 1253 993 1341 plenarie
1023 1259 1059 1320 te
1090 1253 1252 1331 absolvet,
1283 1275 1319 1318 uc

264 1355 294 1422 si
317 1358 449 1424 sanctus
475 1357 593 1425 Petrus
620 1357 844 1425 descendendo
864 1357 904 1422 de
928 1356 1010 1423 coelo
1035 1361 1071 1422 te
1093 1356 1288 1423 absolveret

766 1545 825 1615 IV.

312 1657 459 1727 Cuilibet
481 1656 583 1726 laicus
608 1663 742 1726 tenetur
764 1659 845 1725 scire
879 1662 988 1725 totum
1019 1655 1254 1747 evangelium
1285 1660 1318 1724 et

267 1757 358 1845 illud,
381 1768 555 1851 postquam
577 1762 718 1842 sciverit,
743 1762 936 1850 praedieure‘

776 1952 815 2021 V.

311 2068 433 2138 Totum
463 2070 552 2158 quod
581 2066 682 2136 laicus
712 2075 785 2137 orat
815 2068 851 2134 in
880 2066 1037 2135 idiomate
1060 2065 1196 2156 proprio
1221 2067 1317 2135 debet

267 2195 380 2253 orare;
412 2180 451 2240 ut
467 2174 555 2260 quod
577 2177 650 2244 orat
672 2171 845 2260 intelliget,
869 2172 947 2258 quia
979 2171 1025 2237 sic
1056 2171 1182 2239 orando
1215 2171 1317 2259 magis

266 2281 418 2342 meretur.

763 2396 824 2464 VI.

319 2509 469 2593 Quilibet
499 2509 647 2578 sacerdos
677 2511 856 2578 secundum
889 2506 1115 2598 crapccitutem¹
1139 2508 1194 2577 sui
1227 2511 1314 2598 inge·

265 2613 314 2680 nii
338 2620 472 2680 tenetur
495 2614 576 2680 scire
606 2620 712 2680 totum
744 2635 868 2680 sacram
900 2613 1105 2701 Scriptorum
1136 2614 1314 2680 secundum

265 2723 408 2802 quatuor
438 2739 550 2783 sensus
580 2716 750 2801 ejusdem3
788 2722 823 2782 et
852 2717 944 2782 illem
974 2722 1109 2783 tenetur
1138 2738 1182 2785 cx
1213 2715 1315 2783 officio

264 2819 448 2905 praedicare.

749 2953 827 3021 VII.

308 3064 446 3131 Frustra
469 3062 538 3132 itur
562 3064 746 3133 Jerusalem
772 3069 843 3134 sive
874 3068 1020 3143 Romam,
1049 3064 1129 3154 quio
1158 3064 1313 3154 quicquid

261 3168 398 3234 habebis
429 3168 476 3233 ibi
506 3169 643 3235 habebis
675 3169 734 3247 hio,
767 3177 805 3237 ut
828 3170 1029 3258 baptismum
1060 3191 1121 3256 pro
1152 3169 1312 3235 deletione

260 3270 428 3358 originalis
452 3271 585 3357 peccati,
610 3270 712 3339 etsie
736 3271 776 3339 de
798 3273 879 3339 aliis.

741 3459 840 3528 VIII.

306 3572 379 3639 Viri
416 3595 455 3641 ao
502 3572 654 3641 mulieres
691 3596 825 3663 peregre
862 3573 1104 3662 proficiscentes
1144 3574 1186 3639 de
1224 3595 1311 3639 sacra

260 3676 433 3764 Scriptura
454 3700 529 3742 suas
552 3677 858 3744 communicationes
881 3699 1007 3764 semper
1030 3677 1155 3742 debent
1177 3676 1301 3740 habere.

303 3977 424 4047 Nullus
445 3979 593 4048 sacerdos
616 3979 713 4047 debet
735 3865 861 4066 ulr'iiuid
883 3974 1076 4045 mendicare.

765 4165 796 4231 X

301 4277 519 4368 Eleemosyna
547 4284 681 4348 tantum
708 4279 887 4366 deorepidis
911 4283 945 4344 et
972 4274 1137 4343 debilibus
1162 4281 1197 4344 ct
1221 4275 1308 4341 infir-

257 4383 320 4448 mis
342 4406 380 4449 ac
403 4383 550 4470 spoliatis
573 4388 623 4449 est
645 4382 801 4448 facienda

544 4687 551 4719 ¹
564 4685 737 4754 capacitatem]
750 4684 1013 4755 compactam&
