3008 5490
530 724 711 777 rasc1cua1
733 724 957 776 zrzlmosum
1205 708 1270 783 257

215 909 425 987 Antichristi,
449 912 612 998 figuratur
633 911 704 998 ejus
730 909 934 977 excellentia¹
959 933 1056 997 supra
1079 911 1269 978 Chr-istum.⁹

215 1010 367 1108 Christus
399 1015 495 1090 enim,
518 1014 594 1079 licet
623 1014 850 1100 impeccabilis,
868 1013 975 1079 voluit
1004 1034 1072 1078 esse
1102 1013 1267 1099 subjectus

216 1115 430 1205 principibus,
463 1116 562 1181 etiarn
594 1117 628 1181 in
659 1116 825 1182 ablutione
862 1137 995 1181 suorum
1025 1117 1266 1205 temporalium,

215 1222 255 1285 nt
268 1224 366 1306 patet
381 1218 462 1283 Mat
479 1234 563 1283 xv11.
581 1217 646 1284 23.8

258 1320 348 1385 Istas
386 1320 605 1385 conclusiones
643 1320 793 1399 dixerim,
823 1324 863 1383 ut
891 1341 1030 1405 granum
1068 1321 1145 1386 fidei
1175 1343 1268 1410 sepa-

216 1427 329 1488 ratum
360 1445 382 1487 a
411 1422 504 1508 palea
533 1444 599 1507 qus
639 1422 766 1508 ignitur
803 1422 970 1507 ingratum
1010 1422 1146 1497 lollium,
1177 1426 1268 1508 quod

213 1530 293 1613 post
322 1525 437 1589 florem
466 1524 594 1588 ruboris
623 1524 779 1588 vindictae
809 1523 954 1587 foetentis
984 1530 1080 1610 parat
1108 1526 1266 1610 pabulum

213 1632 331 1693 eontra
363 1624 567 1712 Scriptorum
597 1626 674 1690 fidei
704 1625 916 1689 Antichristo.
964 1625 1067 1711 Cujus
1096 1627 1267 1692 infallibilc

212 1735 267 1794 est
288 1728 420 1815 signum
451 1727 538 1812 quod
561 1726 693 1813 regnet*
717 1727 752 1790 in
776 1727 861 1791 clero
882 1749 1054 1803 venenum,
1080 1727 1269 1792 luciferina⁵

211 1831 378 1917 snperbia,
427 1829 604 1894 consistens
653 1829 690 1892 in
737 1829 874 1892 libidine
927 1829 1126 1904 dominandi,
1175 1831 1267 1914 cujus

211 1933 338 2019 conjux
375 1936 579 1996 terrenorum
626 1930 788 2016 cupiditas
826 1935 974 1995 concreet
1013 1931 1097 1995 filios
1135 1932 1283 2013 diaboli„

211 2033 373 2102 extinctis
406 2033 482 2097 filiis
510 2033 706 2119 evangelico
736 2032 946 2119 paupertatis.
1004 2033 1166 2097 Indicium
1189 2056 1267 2099 vero

210 2136 377 2203 ubertatis
405 2133 505 2220 hujus
534 2134 722 2221 propaginis
752 2140 845 2220 patet
875 2155 917 2197 ex
947 2135 1014 2210 hoc,
1046 2136 1133 2220 quod
1170 2137 1268 2200 multi

211 2239 315 2305 ctiam
345 2237 407 2303 filii
437 2236 641 2323 paupertatis
671 2236 842 2321 degeneres
872 2235 993 2311 fovent,
1018 2237 1180 2321 loquendo
1213 2239 1266 2303 vel

213 2340 364 2415 tacendo,
402 2345 529 2425 partem
567 2337 735 2415 Luciferi3
780 2359 846 2401 non
894 2337 1065 2413 valentes,⁰
1102 2344 1163 2403 aut
1200 2362 1265 2403 non

212 2443 383 2518 audentes,
407 2446 541 2528 propter
571 2462 680 2504 semen
710 2439 850 2503 hominis
880 2440 1004 2524 peccati
1043 2439 1199 2525 injectum
1231 2442 1266 2504 in

214 2545 381 2623 cordibus,
410 2549 470 2607 aut
506 2543 656 2607 timorem
687 2541 838 2606 servilem
869 2541 908 2605 de
938 2542 1110 2609 amissione
1141 2547 1266 2634 tempo-

213 2648 345 2724 talium,
362 2650 448 2712 stare
463 2667 522 2733 pro
537 2643 725 2734 evangelion
739 2640 953 2732 paupertate.⁷

249 3009 257 3040 ¹
270 3005 425 3070 excellentia]
438 3003 594 3063 extollencia,
606 3004 636 3055 C.
796 3001 933 3070 'uolerrteq
957 3005 1066 3055 valentes
1084 3020 1127 3056 scu
1145 3006 1264 3066 volentes,

246 3089 293 3136 ’et
303 3084 538 3150 quod-curteum]
557 3100 605 3133 om.
618 3085 652 3133 Λ.
763 3083 796 3133 Α.

248 3166 319 3231 ’23]
343 3164 365 3215 C
383 3165 453 3223 adds,
473 3163 528 3212 Hec
546 3171 583 3213 est
604 3163 718 3227 aliqualis
795 3163 803 3189 ⁷
811 3162 970 3227 paupertate]
984 3162 1096 3222 veritate,
1107 3163 1140 3211 V.
1156 3161 1178 3213 O
1193 3164 1263 3221 adds,

213 3243 348 3310 responsio
359 3243 390 3293 sd
401 3242 502 3292 bullam.
762 3240 801 3291 lIc
808 3250 866 3291 sunt
872 3241 1011 3304 questiones
1020 3241 1069 3304 (rd.
1077 3242 1262 3305 conclusiones)

248 3322 366 3389 ἠρινά]
380 3328 491 3386 regnent,
503 3321 537 3370 V.
761 3335 822 3383 quas
838 3321 893 3369 vult
912 3319 990 3370 eciam
1007 3335 1085 3384 usque
1105 3321 1137 3368 ad
1158 3330 1262 3371 mortem

249 3400 416 3467 'luciferina]
439 3398 586 3460 lucretium,
608 3400 648 3458 A3
679 3400 716 3449 lu·
761 3398 909 3457 desendcm
927 3408 955 3448 ut
968 3414 1013 3462 per
1026 3399 1073 3448 hoc
1085 3400 1166 3449 valcat
1182 3415 1263 3451 mores

213 3480 359 3539 eilwinum,
371 3478 401 3528 C.
760 3475 864 3527 ccclesic
875 3478 1018 3529 reformare.
