<?xml version="1.0" encoding="UTF-8"?>
<!DOCTYPE html PUBLIC "-//W3C//DTD XHTML 1.0 Transitional//EN"
    "http://www.w3.org/TR/xhtml1/DTD/xhtml1-transitional.dtd">
<html xmlns="http://www.w3.org/1999/xhtml" xml:lang="en" lang="en">
 <head>
  <title>
</title>
<meta http-equiv="Content-Type" content="text/html;charset=utf-8" />
  <meta name='ocr-system' content='tesseract 3.04.00' />
  <meta name='ocr-capabilities' content='ocr_page ocr_carea ocr_par ocr_line ocrx_word'/>
</head>
<body>
  <div class='ocr_page' id='page_1' title='image "./fasciculizizani00nettgoog_0518.png"; bbox 0 0 3008 5490; ppageno 0'>
   <div class='ocr_carea' id='block_1_1' title="bbox 543 723 1278 786">
    <p class='ocr_par' dir='ltr' id='par_1_1' title="bbox 543 723 1278 786">
     <span class='ocr_line' id='line_1_1' title="bbox 543 723 1278 786; baseline -0.001 -2"><span class='ocrx_word' id='word_1_1' title='bbox 543 736 721 786; x_wconf 83' lang='lat' dir='ltr'>mscrcum</span> <span class='ocrx_word' id='word_1_2' title='bbox 745 736 966 786; x_wconf 77' lang='lat' dir='ltr'>zrzruroaurr.</span> <span class='ocrx_word' id='word_1_3' title='bbox 1214 723 1278 784; x_wconf 75' lang='lat'>425</span> 
     </span>
    </p>
   </div>
   <div class='ocr_carea' id='block_1_2' title="bbox 722 924 793 988">
    <p class='ocr_par' dir='ltr' id='par_1_2' title="bbox 722 924 793 988">
     <span class='ocr_line' id='line_1_2' title="bbox 722 924 793 988; baseline 0 -1"><span class='ocrx_word' id='word_1_4' title='bbox 722 924 793 988; x_wconf 90' lang='lat' dir='ltr'>XV.</span> 
     </span>
    </p>
   </div>
   <div class='ocr_carea' id='block_1_3' title="bbox 223 1053 1424 2673">
    <p class='ocr_par' dir='ltr' id='par_1_3' title="bbox 223 1053 1424 2346">
     <span class='ocr_line' id='line_1_3' title="bbox 277 1053 1419 1144; baseline -0.002 -21"><span class='ocrx_word' id='word_1_5' title='bbox 277 1053 365 1123; x_wconf 79' lang='lat' dir='ltr'>Item</span> <span class='ocrx_word' id='word_1_6' title='bbox 389 1057 452 1123; x_wconf 87' lang='lat' dir='ltr'>tibi</span> <span class='ocrx_word' id='word_1_7' title='bbox 483 1058 629 1134; x_wconf 88' lang='lat' dir='ltr'>dicimus,</span> <span class='ocrx_word' id='word_1_8' title='bbox 671 1057 842 1144; x_wconf 85' lang='lat' dir='ltr'>objicimus</span> <span class='ocrx_word' id='word_1_9' title='bbox 873 1065 907 1122; x_wconf 88' lang='lat' dir='ltr'>et</span> <span class='ocrx_word' id='word_1_10' title='bbox 937 1057 1159 1137; x_wconf 79' lang='lat' dir='ltr'>articulamru,</span> <span class='ocrx_word' id='word_1_11' title='bbox 1191 1055 1279 1142; x_wconf 89' lang='lat' dir='ltr'>quod</span> <span class='ocrx_word' id='word_1_12' title='bbox 1292 1071 1419 1137; x_wconf 59' lang='lat' dir='ltr'>Maranga</span> 
     </span>
     <span class='ocr_line' id='line_1_4' title="bbox 223 1138 1424 1247; baseline -0.002 -22"><span class='ocrx_word' id='word_1_13' title='bbox 223 1162 308 1247; x_wconf 82' lang='lat' dir='ltr'>post</span> <span class='ocrx_word' id='word_1_14' title='bbox 331 1164 365 1224; x_wconf 88' lang='lat' dir='ltr'>et</span> <span class='ocrx_word' id='word_1_15' title='bbox 385 1165 498 1225; x_wconf 88' lang='lat' dir='ltr'>contra</span> <span class='ocrx_word' id='word_1_16' title='bbox 513 1161 702 1247; x_wconf 75' lang='lat' dir='ltr'>praedictam</span> <span class='ocrx_word' id='word_1_17' title='bbox 718 1165 811 1224; x_wconf 90' lang='lat' dir='ltr'>tuam</span> <span class='ocrx_word' id='word_1_18' title='bbox 835 1159 1074 1245; x_wconf 79' lang='lat' dir='ltr'><strong>abjurationem</strong></span> <span class='ocrx_word' id='word_1_19' title='bbox 1098 1159 1132 1222; x_wconf 93' lang='lat' dir='ltr'>in</span> <span class='ocrx_word' id='word_1_20' title='bbox 1148 1158 1278 1224; x_wconf 86' lang='lat' dir='ltr'>dioecesi</span> <span class='ocrx_word' id='word_1_21' title='bbox 1292 1138 1424 1204; x_wconf 42' lang='grc' dir='ltr'>ποιεῖθ’·</span> 
     </span>
     <span class='ocr_line' id='line_1_5' title="bbox 224 1261 1279 1347; baseline -0.004 -20"><span class='ocrx_word' id='word_1_22' title='bbox 224 1266 346 1327; x_wconf 81' lang='lat' dir='ltr'>nostra</span> <span class='ocrx_word' id='word_1_23' title='bbox 369 1266 408 1326; x_wconf 90' lang='lat' dir='ltr'>tu</span> <span class='ocrx_word' id='word_1_24' title='bbox 422 1262 568 1338; x_wconf 86' lang='lat' dir='ltr'>tenuisti,</span> <span class='ocrx_word' id='word_1_25' title='bbox 585 1261 761 1338; x_wconf 86' lang='lat' dir='ltr'>affirmasti,</span> <span class='ocrx_word' id='word_1_26' title='bbox 778 1261 941 1347; x_wconf 87' lang='lat' dir='ltr'>scripsisti,</span> <span class='ocrx_word' id='word_1_27' title='bbox 967 1266 1001 1326; x_wconf 93' lang='lat' dir='ltr'>et</span> <span class='ocrx_word' id='word_1_28' title='bbox 1016 1261 1115 1326; x_wconf 87' lang='lat' dir='ltr'>etiam</span> <span class='ocrx_word' id='word_1_29' title='bbox 1131 1261 1279 1338; x_wconf 89' lang='lat' dir='ltr'>docuisti,</span> 
     </span>
     <span class='ocr_line' id='line_1_6' title="bbox 224 1362 1280 1450; baseline -0.002 -22"><span class='ocrx_word' id='word_1_30' title='bbox 224 1362 322 1449; x_wconf 83' lang='lat' dir='ltr'>quod</span> <span class='ocrx_word' id='word_1_31' title='bbox 358 1363 462 1450; x_wconf 84' lang='lat' dir='ltr'>legem</span> <span class='ocrx_word' id='word_1_32' title='bbox 499 1362 645 1429; x_wconf 84' lang='lat' dir='ltr'>nubendi</span> <span class='ocrx_word' id='word_1_33' title='bbox 674 1386 695 1428; x_wconf 91' lang='lat' dir='ltr'>a</span> <span class='ocrx_word' id='word_1_34' title='bbox 725 1362 856 1429; x_wconf 85' lang='lat' dir='ltr'>Christo</span> <span class='ocrx_word' id='word_1_35' title='bbox 886 1363 986 1428; x_wconf 86' lang='lat' dir='ltr'>libere</span> <span class='ocrx_word' id='word_1_36' title='bbox 1016 1363 1149 1429; x_wconf 77' lang='lat' dir='ltr'>cuilibet</span> <span class='ocrx_word' id='word_1_37' title='bbox 1179 1363 1280 1427; x_wconf 90' lang='lat' dir='ltr'>trium</span> 
     </span>
     <span class='ocr_line' id='line_1_7' title="bbox 224 1465 1278 1551; baseline -0.002 -20"><span class='ocrx_word' id='word_1_38' title='bbox 224 1468 381 1531; x_wconf 76' lang='lat' dir='ltr'>statuum</span> <span class='ocrx_word' id='word_1_39' title='bbox 407 1466 585 1530; x_wconf 87' lang='lat' dir='ltr'>militantis</span> <span class='ocrx_word' id='word_1_40' title='bbox 609 1465 748 1530; x_wconf 83' lang='lat' dir='ltr'>ecclesiae</span> <span class='ocrx_word' id='word_1_41' title='bbox 776 1465 968 1541; x_wconf 87' lang='lat' dir='ltr'>ordinatam,</span> <span class='ocrx_word' id='word_1_42' title='bbox 996 1487 1089 1551; x_wconf 88' lang='lat' dir='ltr'>papa,</span> <span class='ocrx_word' id='word_1_43' title='bbox 1120 1485 1216 1551; x_wconf 92' lang='lat' dir='ltr'>quem</span> <span class='ocrx_word' id='word_1_44' title='bbox 1239 1470 1278 1529; x_wconf 92' lang='lat' dir='ltr'>tu</span> 
     </span>
     <span class='ocr_line' id='line_1_8' title="bbox 225 1564 1279 1654; baseline 0 -23"><span class='ocrx_word' id='word_1_45' title='bbox 225 1564 476 1632; x_wconf 79' lang='lat' dir='ltr'>Antichristum</span> <span class='ocrx_word' id='word_1_46' title='bbox 514 1567 664 1654; x_wconf 71' lang='lat' dir='ltr'>appellas</span> <span class='ocrx_word' id='word_1_47' title='bbox 703 1588 777 1631; x_wconf 94' lang='lat' dir='ltr'>cum</span> <span class='ocrx_word' id='word_1_48' title='bbox 808 1566 874 1630; x_wconf 92' lang='lat' dir='ltr'>suis</span> <span class='ocrx_word' id='word_1_49' title='bbox 908 1566 1106 1643; x_wconf 68' lang='lat' dir='ltr'>consiliariis</span> <span class='ocrx_word' id='word_1_50' title='bbox 1146 1567 1212 1652; x_wconf 90' lang='lat' dir='ltr'>qui,</span> <span class='ocrx_word' id='word_1_51' title='bbox 1240 1572 1279 1631; x_wconf 90' lang='lat' dir='ltr'>ut</span> 
     </span>
     <span class='ocr_line' id='line_1_9' title="bbox 225 1668 1277 1753; baseline -0.003 -18"><span class='ocrx_word' id='word_1_52' title='bbox 225 1668 357 1745; x_wconf 68' lang='lat' dir='ltr'>amem,</span> <span class='ocrx_word' id='word_1_53' title='bbox 382 1675 461 1734; x_wconf 89' lang='lat' dir='ltr'>sunt</span> <span class='ocrx_word' id='word_1_54' title='bbox 490 1668 597 1734; x_wconf 88' lang='lat' dir='ltr'>clerici</span> <span class='ocrx_word' id='word_1_55' title='bbox 628 1668 777 1745; x_wconf 84' lang='lat' dir='ltr'>Luciferi,</span> <span class='ocrx_word' id='word_1_56' title='bbox 805 1690 879 1733; x_wconf 88' lang='lat' dir='ltr'>curn</span> <span class='ocrx_word' id='word_1_57' title='bbox 910 1668 1021 1733; x_wconf 87' lang='lat' dir='ltr'>stultis</span> <span class='ocrx_word' id='word_1_58' title='bbox 1051 1668 1212 1753; x_wconf 78' lang='lat' dir='ltr'>capitibus</span> <span class='ocrx_word' id='word_1_59' title='bbox 1243 1673 1277 1732; x_wconf 89' lang='lat' dir='ltr'>et</span> 
     </span>
     <span class='ocr_line' id='line_1_10' title="bbox 226 1769 1280 1856; baseline -0.002 -21"><span class='ocrx_word' id='word_1_60' title='bbox 226 1771 373 1856; x_wconf 72' lang='lat' dir='ltr'>caputiis</span> <span class='ocrx_word' id='word_1_61' title='bbox 395 1771 575 1847; x_wconf 81' lang='lat' dir='ltr'>summatis,</span> <span class='ocrx_word' id='word_1_62' title='bbox 592 1770 628 1834; x_wconf 89' lang='lat' dir='ltr'>in</span> <span class='ocrx_word' id='word_1_63' title='bbox 644 1770 898 1835; x_wconf 69' lang='lat' dir='ltr'>destructionem</span> <span class='ocrx_word' id='word_1_64' title='bbox 913 1769 1085 1834; x_wconf 87' lang='lat' dir='ltr'>sacerdotii</span> <span class='ocrx_word' id='word_1_65' title='bbox 1107 1769 1143 1833; x_wconf 90' lang='lat' dir='ltr'>in</span> <span class='ocrx_word' id='word_1_66' title='bbox 1158 1769 1280 1854; x_wconf 84' lang='lat' dir='ltr'>Anglia</span> 
     </span>
     <span class='ocr_line' id='line_1_11' title="bbox 226 1870 1280 1959; baseline -0.006 -20"><span class='ocrx_word' id='word_1_67' title='bbox 226 1870 423 1949; x_wconf 83' lang='lat' dir='ltr'>infirmavit,</span> <span class='ocrx_word' id='word_1_68' title='bbox 446 1878 521 1959; x_wconf 90' lang='lat' dir='ltr'>post</span> <span class='ocrx_word' id='word_1_69' title='bbox 542 1872 737 1937; x_wconf 90' lang='lat' dir='ltr'>solutionem</span> <span class='ocrx_word' id='word_1_70' title='bbox 761 1871 925 1947; x_wconf 84' lang='lat' dir='ltr'>Satbanae‚</span> <span class='ocrx_word' id='word_1_71' title='bbox 941 1871 976 1934; x_wconf 90' lang='lat' dir='ltr'>id</span> <span class='ocrx_word' id='word_1_72' title='bbox 991 1875 1048 1947; x_wconf 89' lang='lat' dir='ltr'>est,</span> <span class='ocrx_word' id='word_1_73' title='bbox 1072 1870 1280 1935; x_wconf 88' lang='lat' dir='ltr'>millesimum</span> 
     </span>
     <span class='ocr_line' id='line_1_12' title="bbox 226 1972 1281 2060; baseline -0.004 -20"><span class='ocrx_word' id='word_1_74' title='bbox 226 1993 357 2040; x_wconf 74' lang='lat' dir='ltr'>annum</span> <span class='ocrx_word' id='word_1_75' title='bbox 395 1973 539 2052; x_wconf 79' lang='lat' dir='ltr'>Christi3</span> <span class='ocrx_word' id='word_1_76' title='bbox 577 1980 612 2039; x_wconf 87' lang='lat' dir='ltr'>et</span> <span class='ocrx_word' id='word_1_77' title='bbox 649 1974 737 2059; x_wconf 90' lang='lat' dir='ltr'>quod</span> <span class='ocrx_word' id='word_1_78' title='bbox 774 1977 977 2060; x_wconf 73' lang='lat' dir='ltr'>acceptantes</span> <span class='ocrx_word' id='word_1_79' title='bbox 1008 1973 1128 2037; x_wconf 88' lang='lat' dir='ltr'>dictam</span> <span class='ocrx_word' id='word_1_80' title='bbox 1153 1972 1281 2037; x_wconf 76' lang='lat' dir='ltr'>ordina</span> 
     </span>
     <span class='ocr_line' id='line_1_13' title="bbox 228 2073 1281 2161; baseline -0.002 -20"><span class='ocrx_word' id='word_1_81' title='bbox 228 2073 358 2142; x_wconf 79' lang='lat' dir='ltr'>tionem</span> <span class='ocrx_word' id='word_1_82' title='bbox 373 2074 413 2140; x_wconf 89' lang='lat' dir='ltr'>de</span> <span class='ocrx_word' id='word_1_83' title='bbox 428 2074 631 2140; x_wconf 88' lang='lat' dir='ltr'>continentia</span> <span class='ocrx_word' id='word_1_84' title='bbox 644 2074 848 2140; x_wconf 81' lang='lat' dir='ltr'>saoerdotum</span> <span class='ocrx_word' id='word_1_85' title='bbox 862 2073 1041 2161; x_wconf 82' lang='lat' dir='ltr'>praeferunt</span> <span class='ocrx_word' id='word_1_86' title='bbox 1056 2074 1281 2160; x_wconf 86' lang='lat' dir='ltr'>captivitatem</span> 
     </span>
     <span class='ocr_line' id='line_1_14' title="bbox 229 2173 1281 2262; baseline -0.004 -19"><span class='ocrx_word' id='word_1_87' title='bbox 229 2175 432 2243; x_wconf 84' lang='lat' dir='ltr'>Antichristi</span> <span class='ocrx_word' id='word_1_88' title='bbox 476 2177 666 2242; x_wconf 85' lang='lat' dir='ltr'>execrabilis</span> <span class='ocrx_word' id='word_1_89' title='bbox 710 2182 867 2242; x_wconf 83' lang='lat' dir='ltr'>creaturae</span> <span class='ocrx_word' id='word_1_90' title='bbox 920 2173 1078 2241; x_wconf 85' lang='lat' dir='ltr'>libertati¹</span> <span class='ocrx_word' id='word_1_91' title='bbox 1137 2177 1281 2262; x_wconf 87' lang='lat' dir='ltr'>generali</span> 
     </span>
     <span class='ocr_line' id='line_1_15' title="bbox 230 2277 557 2346; baseline -0.009 0"><span class='ocrx_word' id='word_1_92' title='bbox 230 2277 360 2346; x_wconf 81' lang='lat' dir='ltr'>Ciuisti</span> <span class='ocrx_word' id='word_1_93' title='bbox 385 2279 557 2344; x_wconf 84' lang='lat' dir='ltr'>Creatoris</span> 
     </span>
    </p>

    <p class='ocr_par' dir='ltr' id='par_1_4' title="bbox 230 2379 1283 2673">
     <span class='ocr_line' id='line_1_16' title="bbox 290 2379 1283 2467; baseline -0.002 -22"><span class='ocrx_word' id='word_1_94' title='bbox 290 2379 397 2446; x_wconf 84' lang='lat' dir='ltr'>Istum</span> <span class='ocrx_word' id='word_1_95' title='bbox 428 2381 601 2446; x_wconf 86' lang='lat' dir='ltr'>articulum</span> <span class='ocrx_word' id='word_1_96' title='bbox 632 2379 786 2467; x_wconf 86' lang='lat' dir='ltr'>praefatus</span> <span class='ocrx_word' id='word_1_97' title='bbox 817 2379 1000 2444; x_wconf 86' lang='lat' dir='ltr'>Willelmus</span> <span class='ocrx_word' id='word_1_98' title='bbox 1038 2379 1162 2465; x_wconf 87' lang='lat' dir='ltr'>Whyte</span> <span class='ocrx_word' id='word_1_99' title='bbox 1203 2386 1283 2445; x_wconf 92' lang='lat' dir='ltr'>tunc</span> 
     </span>
     <span class='ocr_line' id='line_1_17' title="bbox 231 2481 1282 2569; baseline -0.003 -21"><span class='ocrx_word' id='word_1_100' title='bbox 231 2481 358 2548; x_wconf 86' lang='lat' dir='ltr'>ibidem</span> <span class='ocrx_word' id='word_1_101' title='bbox 392 2482 593 2568; x_wconf 85' lang='lat' dir='ltr'>judicialiter</span> <span class='ocrx_word' id='word_1_102' title='bbox 631 2505 665 2547; x_wconf 90' lang='lat' dir='ltr'>se</span> <span class='ocrx_word' id='word_1_103' title='bbox 703 2488 778 2569; x_wconf 89' lang='lat' dir='ltr'>post</span> <span class='ocrx_word' id='word_1_104' title='bbox 816 2481 1054 2567; x_wconf 87' lang='lat' dir='ltr'>abjurationem</span> <span class='ocrx_word' id='word_1_105' title='bbox 1092 2482 1282 2568; x_wconf 79' lang='lat' dir='ltr'>praedictam</span> 
     </span>
     <span class='ocr_line' id='line_1_18' title="bbox 230 2582 1024 2673; baseline -0.006 -21"><span class='ocrx_word' id='word_1_106' title='bbox 230 2582 416 2660; x_wconf 81' lang='lat' dir='ltr'>affirmasse,</span> <span class='ocrx_word' id='word_1_107' title='bbox 441 2584 604 2673; x_wconf 85' lang='lat' dir='ltr'>scripsisse</span> <span class='ocrx_word' id='word_1_108' title='bbox 628 2590 662 2649; x_wconf 90' lang='lat' dir='ltr'>et</span> <span class='ocrx_word' id='word_1_109' title='bbox 685 2584 829 2652; x_wconf 85' lang='lat' dir='ltr'>docuisse</span> <span class='ocrx_word' id='word_1_110' title='bbox 852 2582 1024 2648; x_wconf 84' lang='lat' dir='ltr'>fatebatur.</span> 
     </span>
    </p>
   </div>
   <div class='ocr_carea' id='block_1_4' title="bbox 712 2795 803 2860">
    <p class='ocr_par' dir='ltr' id='par_1_5' title="bbox 712 2795 803 2860">
     <span class='ocr_line' id='line_1_19' title="bbox 712 2795 803 2860; baseline -0.011 0"><span class='ocrx_word' id='word_1_111' title='bbox 712 2795 803 2860; x_wconf 89' lang='lat' dir='ltr'><strong>XVI.</strong></span> 
     </span>
    </p>
   </div>
   <div class='ocr_carea' id='block_1_5' title="bbox 232 2944 1450 3956">
    <p class='ocr_par' dir='ltr' id='par_1_6' title="bbox 232 2944 1450 3651">
     <span class='ocr_line' id='line_1_20' title="bbox 281 2944 1380 3038; baseline 0.001 -22"><span class='ocrx_word' id='word_1_112' title='bbox 281 2944 369 3017; x_wconf 85' lang='lat' dir='ltr'>item</span> <span class='ocrx_word' id='word_1_113' title='bbox 399 2946 462 3017; x_wconf 90' lang='lat' dir='ltr'>tibi</span> <span class='ocrx_word' id='word_1_114' title='bbox 492 2952 639 3030; x_wconf 85' lang='lat' dir='ltr'>dicimus,</span> <span class='ocrx_word' id='word_1_115' title='bbox 675 2952 844 3038; x_wconf 89' lang='lat' dir='ltr'>objicimus</span> <span class='ocrx_word' id='word_1_116' title='bbox 880 2958 914 3017; x_wconf 92' lang='lat' dir='ltr'>et</span> <span class='ocrx_word' id='word_1_117' title='bbox 944 2949 1164 3029; x_wconf 89' lang='lat' dir='ltr'>articulamur‚</span> <span class='ocrx_word' id='word_1_118' title='bbox 1196 2951 1284 3037; x_wconf 89' lang='lat' dir='ltr'>quod</span> <span class='ocrx_word' id='word_1_119' title='bbox 1295 2965 1380 3017; x_wconf 71' lang='lat' dir='ltr'>Ptoou</span> 
     </span>
     <span class='ocr_line' id='line_1_21' title="bbox 232 3031 1450 3150; baseline -0.001 -31"><span class='ocrx_word' id='word_1_120' title='bbox 232 3060 309 3141; x_wconf 89' lang='lat' dir='ltr'>post</span> <span class='ocrx_word' id='word_1_121' title='bbox 327 3060 361 3119; x_wconf 89' lang='lat' dir='ltr'>et</span> <span class='ocrx_word' id='word_1_122' title='bbox 379 3060 492 3120; x_wconf 88' lang='lat' dir='ltr'>contra</span> <span class='ocrx_word' id='word_1_123' title='bbox 510 3054 631 3121; x_wconf 81' lang='lat' dir='ltr'>dictam</span> <span class='ocrx_word' id='word_1_124' title='bbox 655 3059 747 3119; x_wconf 89' lang='lat' dir='ltr'>tuam</span> <span class='ocrx_word' id='word_1_125' title='bbox 764 3054 1011 3140; x_wconf 88' lang='lat' dir='ltr'>abjurationem,</span> <span class='ocrx_word' id='word_1_126' title='bbox 1033 3053 1119 3124; x_wconf 79' lang='lat' dir='ltr'>infra</span> <span class='ocrx_word' id='word_1_127' title='bbox 1138 3060 1283 3119; x_wconf 90' lang='lat' dir='ltr'>nostram</span> <span class='ocrx_word' id='word_1_128' title='bbox 1295 3031 1385 3150; x_wconf 53' lang='lat' dir='ltr'>{2⁵5⁸ss</span> <span class='ocrx_word' id='word_1_129' title='bbox 1398 3031 1450 3084; x_wconf 67' lang='lat' dir='ltr'>vill</span> 
     </span>
     <span class='ocr_line' id='line_1_22' title="bbox 233 3154 1380 3243; baseline -0.005 -22"><span class='ocrx_word' id='word_1_130' title='bbox 233 3155 399 3221; x_wconf 87' lang='lat' dir='ltr'>dioeoesim</span> <span class='ocrx_word' id='word_1_131' title='bbox 427 3161 465 3221; x_wconf 87' lang='lat' dir='ltr'>tu</span> <span class='ocrx_word' id='word_1_132' title='bbox 495 3156 641 3234; x_wconf 88' lang='lat' dir='ltr'>tenuisti,</span> <span class='ocrx_word' id='word_1_133' title='bbox 674 3155 849 3233; x_wconf 85' lang='lat' dir='ltr'>affinnasti,</span> <span class='ocrx_word' id='word_1_134' title='bbox 877 3156 1034 3243; x_wconf 88' lang='lat' dir='ltr'>scripsisti</span> <span class='ocrx_word' id='word_1_135' title='bbox 1064 3162 1098 3221; x_wconf 85' lang='lat' dir='ltr'>st</span> <span class='ocrx_word' id='word_1_136' title='bbox 1135 3154 1281 3232; x_wconf 88' lang='lat' dir='ltr'>docuisti,</span> <span class='ocrx_word' id='word_1_137' title='bbox 1296 3167 1380 3216; x_wconf 74' lang='lat' dir='ltr'>sareu</span> 
     </span>
     <span class='ocr_line' id='line_1_23' title="bbox 234 3257 1284 3346; baseline -0.001 -24"><span class='ocrx_word' id='word_1_138' title='bbox 234 3257 324 3344; x_wconf 91' lang='lat' dir='ltr'>quod</span> <span class='ocrx_word' id='word_1_139' title='bbox 350 3259 616 3345; x_wconf 75' lang='lat' dir='ltr'>praesumptuosis</span> <span class='ocrx_word' id='word_1_140' title='bbox 639 3259 837 3346; x_wconf 86' lang='lat' dir='ltr'>presbyteris</span> <span class='ocrx_word' id='word_1_141' title='bbox 853 3257 1021 3335; x_wconf 87' lang='lat' dir='ltr'>coronatis,</span> <span class='ocrx_word' id='word_1_142' title='bbox 1048 3258 1154 3344; x_wconf 90' lang='lat' dir='ltr'>quise</span> <span class='ocrx_word' id='word_1_143' title='bbox 1170 3258 1284 3323; x_wconf 87' lang='lat' dir='ltr'>dicunt</span> 
     </span>
     <span class='ocr_line' id='line_1_24' title="bbox 233 3359 1283 3447; baseline 0.002 -24"><span class='ocrx_word' id='word_1_144' title='bbox 233 3359 326 3445; x_wconf 83' lang='lat' dir='ltr'>sequi</span> <span class='ocrx_word' id='word_1_145' title='bbox 342 3359 546 3425; x_wconf 87' lang='lat' dir='ltr'>Salvatorem</span> <span class='ocrx_word' id='word_1_146' title='bbox 571 3361 607 3424; x_wconf 91' lang='lat' dir='ltr'>in</span> <span class='ocrx_word' id='word_1_147' title='bbox 629 3361 751 3425; x_wconf 80' lang='lat' dir='ltr'>eximia</span> <span class='ocrx_word' id='word_1_148' title='bbox 765 3362 889 3426; x_wconf 84' lang='lat' dir='ltr'>virtute</span> <span class='ocrx_word' id='word_1_149' title='bbox 912 3361 1081 3439; x_wconf 83' lang='lat' dir='ltr'>castitatis,</span> <span class='ocrx_word' id='word_1_150' title='bbox 1097 3383 1156 3447; x_wconf 91' lang='lat' dir='ltr'>per</span> <span class='ocrx_word' id='word_1_151' title='bbox 1172 3381 1283 3426; x_wconf 92' lang='lat' dir='ltr'>eorum</span> 
     </span>
     <span class='ocr_line' id='line_1_25' title="bbox 233 3461 1283 3549; baseline -0.001 -22"><span class='ocrx_word' id='word_1_152' title='bbox 233 3461 463 3548; x_wconf 86' lang='lat' dir='ltr'>professionem</span> <span class='ocrx_word' id='word_1_153' title='bbox 488 3462 608 3528; x_wconf 86' lang='lat' dir='ltr'>factam</span> <span class='ocrx_word' id='word_1_154' title='bbox 630 3463 841 3539; x_wconf 84' lang='lat' dir='ltr'>Antichristo,</span> <span class='ocrx_word' id='word_1_155' title='bbox 859 3463 968 3528; x_wconf 89' lang='lat' dir='ltr'>clausa</span> <span class='ocrx_word' id='word_1_156' title='bbox 988 3463 1052 3528; x_wconf 92' lang='lat' dir='ltr'>erit</span> <span class='ocrx_word' id='word_1_157' title='bbox 1070 3463 1182 3549; x_wconf 87' lang='lat' dir='ltr'>janua,</span> <span class='ocrx_word' id='word_1_158' title='bbox 1202 3462 1283 3526; x_wconf 86' lang='lat' dir='ltr'>lam·</span> 
     </span>
     <span class='ocr_line' id='line_1_26' title="bbox 233 3563 1098 3651; baseline -0.001 -24"><span class='ocrx_word' id='word_1_159' title='bbox 233 3563 373 3650; x_wconf 85' lang='lat' dir='ltr'>podibus</span> <span class='ocrx_word' id='word_1_160' title='bbox 396 3563 559 3641; x_wconf 84' lang='lat' dir='ltr'>extinctis,</span> <span class='ocrx_word' id='word_1_161' title='bbox 583 3586 657 3629; x_wconf 90' lang='lat' dir='ltr'>cum</span> <span class='ocrx_word' id='word_1_162' title='bbox 680 3565 808 3629; x_wconf 88' lang='lat' dir='ltr'>venerit</span> <span class='ocrx_word' id='word_1_163' title='bbox 831 3565 975 3651; x_wconf 85' lang='lat' dir='ltr'>Sponsus</span> <span class='ocrx_word' id='word_1_164' title='bbox 997 3570 1098 3630; x_wconf 78' lang='lat' dir='ltr'>nocte.</span> 
     </span>
    </p>

    <p class='ocr_par' dir='ltr' id='par_1_7' title="bbox 233 3664 1283 3956">
     <span class='ocr_line' id='line_1_27' title="bbox 280 3664 1283 3754; baseline 0.002 -26"><span class='ocrx_word' id='word_1_165' title='bbox 280 3664 387 3729; x_wconf 80' lang='lat' dir='ltr'>Istrun</span> <span class='ocrx_word' id='word_1_166' title='bbox 424 3665 599 3731; x_wconf 90' lang='lat' dir='ltr'>articulum</span> <span class='ocrx_word' id='word_1_167' title='bbox 638 3667 794 3752; x_wconf 85' lang='lat' dir='ltr'>praefatus</span> <span class='ocrx_word' id='word_1_168' title='bbox 825 3666 1007 3731; x_wconf 91' lang='lat' dir='ltr'>Willelmus</span> <span class='ocrx_word' id='word_1_169' title='bbox 1042 3666 1165 3754; x_wconf 86' lang='lat' dir='ltr'>Whyte</span> <span class='ocrx_word' id='word_1_170' title='bbox 1204 3674 1283 3731; x_wconf 90' lang='lat' dir='ltr'>tunc</span> 
     </span>
     <span class='ocr_line' id='line_1_28' title="bbox 233 3765 1281 3855; baseline 0.004 -26"><span class='ocrx_word' id='word_1_171' title='bbox 233 3765 356 3831; x_wconf 90' lang='lat' dir='ltr'>ibidem</span> <span class='ocrx_word' id='word_1_172' title='bbox 374 3767 576 3852; x_wconf 87' lang='lat' dir='ltr'>judicialiter</span> <span class='ocrx_word' id='word_1_173' title='bbox 605 3791 639 3832; x_wconf 86' lang='lat' dir='ltr'>se</span> <span class='ocrx_word' id='word_1_174' title='bbox 664 3769 814 3845; x_wconf 85' lang='lat' dir='ltr'>tenuisse,</span> <span class='ocrx_word' id='word_1_175' title='bbox 849 3769 1036 3850; x_wconf 81' lang='lat' dir='ltr'>affirmasse,</span> <span class='ocrx_word' id='word_1_176' title='bbox 1057 3768 1220 3855; x_wconf 81' lang='lat' dir='ltr'>scripsisse</span> <span class='ocrx_word' id='word_1_177' title='bbox 1247 3774 1281 3834; x_wconf 88' lang='lat' dir='ltr'>et</span> 
     </span>
     <span class='ocr_line' id='line_1_29' title="bbox 235 3868 846 3956; baseline 0.005 -24"><span class='ocrx_word' id='word_1_178' title='bbox 235 3868 380 3934; x_wconf 88' lang='lat' dir='ltr'>docuisse</span> <span class='ocrx_word' id='word_1_179' title='bbox 404 3869 571 3934; x_wconf 85' lang='lat' dir='ltr'>fatebatur</span> <span class='ocrx_word' id='word_1_180' title='bbox 594 3876 628 3934; x_wconf 92' lang='lat' dir='ltr'>ct</span> <span class='ocrx_word' id='word_1_181' title='bbox 652 3870 846 3956; x_wconf 86' lang='lat' dir='ltr'>recognovit</span> 
     </span>
    </p>
   </div>
   <div class='ocr_carea' id='block_1_6' title="bbox 706 4094 816 4160">
    <p class='ocr_par' dir='ltr' id='par_1_8' title="bbox 706 4094 816 4160">
     <span class='ocr_line' id='line_1_30' title="bbox 706 4094 816 4160; baseline -0.009 -2"><span class='ocrx_word' id='word_1_182' title='bbox 706 4094 816 4160; x_wconf 88' lang='lat' dir='ltr'>XVII.</span> 
     </span>
    </p>
   </div>
   <div class='ocr_carea' id='block_1_7' title="bbox 237 4224 1448 4439">
    <p class='ocr_par' dir='ltr' id='par_1_9' title="bbox 237 4224 1448 4439">
     <span class='ocr_line' id='line_1_31' title="bbox 282 4224 1448 4314; baseline -0.003 -24"><span class='ocrx_word' id='word_1_183' title='bbox 282 4224 368 4292; x_wconf 87' lang='lat' dir='ltr'>Item</span> <span class='ocrx_word' id='word_1_184' title='bbox 399 4227 461 4290; x_wconf 91' lang='lat' dir='ltr'>tibi</span> <span class='ocrx_word' id='word_1_185' title='bbox 492 4227 638 4304; x_wconf 86' lang='lat' dir='ltr'>dicimus,</span> <span class='ocrx_word' id='word_1_186' title='bbox 669 4228 840 4312; x_wconf 91' lang='lat' dir='ltr'>objicimus</span> <span class='ocrx_word' id='word_1_187' title='bbox 877 4234 911 4293; x_wconf 92' lang='lat' dir='ltr'>et</span> <span class='ocrx_word' id='word_1_188' title='bbox 941 4229 1161 4305; x_wconf 84' lang='lat' dir='ltr'>articulamur‚</span> <span class='ocrx_word' id='word_1_189' title='bbox 1196 4228 1285 4314; x_wconf 90' lang='lat' dir='ltr'>quod</span> <span class='ocrx_word' id='word_1_190' title='bbox 1298 4240 1448 4306; x_wconf 69' lang='lat' dir='ltr'>corruption</span> 
     </span>
     <span class='ocr_line' id='line_1_32' title="bbox 237 4306 1385 4439; baseline -0.01 -42"><span class='ocrx_word' id='word_1_191' title='bbox 237 4335 312 4415; x_wconf 87' lang='lat' dir='ltr'>post</span> <span class='ocrx_word' id='word_1_192' title='bbox 349 4332 384 4391; x_wconf 91' lang='lat' dir='ltr'>et</span> <span class='ocrx_word' id='word_1_193' title='bbox 421 4333 535 4393; x_wconf 88' lang='lat' dir='ltr'>contra</span> <span class='ocrx_word' id='word_1_194' title='bbox 572 4335 664 4393; x_wconf 88' lang='lat' dir='ltr'>tuam</span> <span class='ocrx_word' id='word_1_195' title='bbox 699 4330 889 4415; x_wconf 80' lang='lat' dir='ltr'>praedictam</span> <span class='ocrx_word' id='word_1_196' title='bbox 922 4331 1168 4415; x_wconf 87' lang='lat' dir='ltr'>abjurationem,</span> <span class='ocrx_word' id='word_1_197' title='bbox 1200 4306 1385 4439; x_wconf 55' lang='lat' dir='ltr'>issfissssjejhg}</span> 
     </span>
    </p>
   </div>
   <div class='ocr_carea' id='block_1_8' title="bbox 1171 4529 1284 4537">
    <p class='ocr_par' dir='ltr' id='par_1_10' title="bbox 1171 4529 1284 4537">
     <span class='ocr_line' id='line_1_33' title="bbox 1171 4529 1284 4537; baseline 0.027 -3"><span class='ocrx_word' id='word_1_198' title='bbox 1171 4529 1216 4535; x_wconf 78' lang='grc'>--..</span> <span class='ocrx_word' id='word_1_199' title='bbox 1230 4529 1284 4537; x_wconf 74' lang='lat'><strong>---—·</strong></span> 
     </span>
    </p>
   </div>
   <div class='ocr_carea' id='block_1_9' title="bbox 582 4651 922 4718">
    <p class='ocr_par' dir='ltr' id='par_1_11' title="bbox 582 4651 922 4718">
     <span class='ocr_line' id='line_1_34' title="bbox 582 4651 922 4718; baseline 0.006 -17"><span class='ocrx_word' id='word_1_200' title='bbox 582 4651 718 4718; x_wconf 57' lang='lat' dir='ltr'>usurae]</span> <span class='ocrx_word' id='word_1_201' title='bbox 733 4653 853 4714; x_wconf 71' lang='lat' dir='ltr'>numa,</span> <span class='ocrx_word' id='word_1_202' title='bbox 867 4653 922 4705; x_wconf 86' lang='lat' dir='ltr'>us.</span> 
     </span>
    </p>
   </div>
   <div class='ocr_carea' id='block_1_10' title="bbox 0 0 1529 5490">
    <p class='ocr_par' dir='ltr' id='par_1_12' title="bbox 0 0 1529 5490">
     <span class='ocr_line' id='line_1_35' title="bbox 0 0 1529 5490; baseline 0 0"><span class='ocrx_word' id='word_1_203' title='bbox 0 0 1529 5490; x_wconf 95' lang='lat' dir='ltr'> </span> 
     </span>
    </p>
   </div>
  </div>
 </body>
</html>
