3008 5490
456 742 634 796 rismcum
663 742 887 797 zmmronuu.
1138 732 1203 798 323

197 1139 319 1207 SUPER
339 1141 459 1226 quibus
481 1141 753 1228 responsionibus
785 1147 819 1206 et
850 1141 955 1207 modis
977 1139 1202 1227 respondendi,
1218 1158 1296 1210 Their

148 1242 350 1330 interrogati
384 1265 494 1308 omnes
543 1248 577 1309 et
623 1244 745 1329 singuli
784 1244 938 1319 doctores,
979 1243 1131 1329 theologi,
1171 1241 1328 1342 etgffi'

148 1342 281 1432 juristae
322 1344 489 1421 seculares,
530 1350 564 1409 et
602 1345 775 1431 regulares,
814 1345 894 1430 quid
932 1345 977 1409 eis
1014 1345 1201 1409 videretur:
1217 1357 1343 1410 uentrem

148 1445 391 1532 responderunt
411 1467 523 1510 omnes
546 1452 581 1510 et
611 1445 740 1532 singuli,
772 1447 860 1531 quod
885 1468 927 1511 ex
953 1467 1018 1530 quo
1045 1446 1088 1509 ad
1109 1435 1202 1521 istas,

151 1554 189 1613 ct
225 1546 377 1613 similiter
397 1547 441 1611 nd
474 1546 632 1631 quasdam
666 1548 747 1611 olins
778 1546 997 1611 conclusiones
1030 1546 1203 1631 prsedictas

151 1670 222 1714 non
251 1647 498 1734 respondebant,
533 1671 593 1713 nec
627 1648 820 1733 respondere
855 1648 1011 1712 volebant
1044 1646 1203 1730 requisiti,

151 1749 345 1836 simpliciter
366 1755 401 1814 et
427 1771 582 1835 expresse,
610 1749 653 1813 ad
676 1749 778 1814 verbu
804 1755 838 1814 et
864 1771 976 1813 sensus
998 1770 1057 1835 per
1083 1748 1205 1812 clerum

151 1849 322 1926 limitctos,
354 1871 414 1915 nec
449 1850 550 1915 etiam
581 1872 656 1915 suos
682 1838 794 1915 sensus
825 1850 982 1915 volebant
1012 1849 1202 1934 exprimere,

151 1952 198 2018 sd
227 1973 308 2037 quos
337 1973 392 2017 eas
422 1951 622 2016 damnabiles
661 1952 821 2028 dixerant,
855 1951 974 2016 moniti
1012 1958 1046 2016 et
1075 1949 1204 2037 publice

151 2052 327 2138 requisiti;
361 2051 527 2129 dixenmt,
549 2053 692 2136 inquam,
719 2075 830 2117 omnes
852 2058 887 2118 et
911 2052 1033 2138 singuli
1057 2052 1204 2117 doctores

153 2152 235 2240 [et]¹
260 2154 327 2229 alii,
351 2155 440 2239 quod
460 2175 573 2218 eorum
599 2154 764 2238 responsio
787 2160 859 2218 erat
878 2154 1040 2230 haeretics,
1061 2174 1202 2230 erronea,

152 2260 189 2321 et
216 2254 328 2319 dolosa
340 2277 349 2334 ;
373 2260 407 2319 et
437 2254 547 2340 potius
577 2254 816 2319 cavillatorium
840 2255 1081 2341 subterfugium
1104 2276 1203 2339 quam

153 2356 330 2423 declaratio
359 2355 437 2421 fidei
468 2378 536 2420 suoe
562 2355 666 2440 plenu
725 2355 825 2420 Unde
867 2361 902 2421 et
946 2356 1203 2441 archiepiscopus
1216 2378 1295 2430 Their
1305 2396 1361 2432 sen.

152 2457 299 2524 docrevit
319 2457 487 2543 negotium
511 2478 579 2521 esse
606 2457 812 2521 conclusum:
853 2457 910 2522 sed
941 2458 981 2522 de
1011 2452 1285 2542 proferendeteme
1296 2455 1363 2510 post-

151 2563 267 2625 eontra
307 2580 362 2623 eos
400 2558 565 2623 sententia
594 2578 697 2642 usque
728 2558 763 2620 in
795 2558 880 2622 diem
909 2562 1057 2622 octavam
1090 2565 1203 2644 postea
1214 2513 1372 2630 poepekdforr

151 2659 344 2746 mpersedit

198 2760 395 2847 Magistrum
424 2781 551 2845 quoque
590 2759 614 2825 J
616 2760 778 2824 ohannem
808 2760 933 2825 Astone
964 2761 1130 2827 nolentem
1160 2762 1346 2826 odsohnAs-

151 2884 267 2929 wum
316 2862 459 2947 aliquam
504 2862 748 2947 quomodolibet
789 2863 991 2948 respondere,
1031 2845 1343 2956 damnavitffiffi'

151 2963 285 3040 ibidem,
312 2969 348 3028 ct
377 2963 515 3027 tradidit
545 2963 700 3028 custodiae
731 2963 874 3028 seculari.
937 2964 1002 3043 Qui
1029 2965 1203 3029 damnatus
1216 2999 1348 3049 Heeircu·

151 3064 189 3129 in
215 3063 461 3129 excusationem
499 3064 551 3128 sui
583 3064 709 3139 errorisr,
741 3071 776 3129 et
805 3066 1055 3130 commotionem
1091 3066 1203 3150 populi
1216 3064 1329 3143 nonme

152 3171 270 3231 contra
298 3164 573 3250 archiepiscopum
611 3170 645 3229 et
683 3165 804 3230 clerum
836 3166 899 3229 sibi
937 3166 972 3230 in
1010 3167 1071 3230 hoc
1111 3173 1202 3251 purte
1215 3131 1370 3248 imi&

151 3267 343 3345 faventem
377 3265 477 3330 telem
508 3265 638 3351 scripsit
669 3267 899 3331 confessionem
931 3268 967 3331 in
999 3267 1139 3352 Anglico
1170 3272 1205 3331 et

152 3367 286 3444 Latino,
318 3372 352 3432 et
382 3389 454 3431 eam
486 3367 521 3430 in
548 3367 697 3452 plurimis
728 3367 913 3433 schedulis²
947 3368 1025 3434 fecit
1050 3368 1204 3433 distribui

151 3490 213 3558 per
234 3469 324 3534 vicos
348 3468 592 3534 Londoniamm
614 3472 648 3532 et
670 3469 801 3554 plateas

151 3859 345 3953 comneno
388 3900 552 3948 unmsrnr
591 3884 614 3948 J
617 3898 771 3948 culmus
816 3883 956 3949 Asroruc
999 3899 1205 3951 nrsrnmum

435 4003 500 4050 nnn
522 4002 622 4050 vrcos
645 3986 914 4052 Lonnonmnun.

197 4183 284 4259 EGO,
323 4182 347 4248 J
350 4182 493 4247 ohannes
525 4171 658 4259 hstone,
692 4183 864 4268 presbyter
898 4184 1061 4272 indignus,
1096 4184 1371 4270 requi-whenm.

154 4283 241 4350 situs
271 4307 292 4348 a
322 4284 454 4349 domino
490 4284 728 4370 archiepiscopo
770 4285 1006 4352 Contuoricmse
1047 4294 1126 4350 xlx·
1152 4287 1204 4351 die
1217 4273 1347 4390 3ξὲζῖ

1217 4404 1313 4471 birhop,

185 4618 409 4684 ¹a1norrnus.
668 4618 676 4687 ι
739 4617 891 4685 moestus]
906 4620 1005 4684 tenu
1016 4621 1073 4674 ms.
