3158 5490
265 696 331 762 398
577 705 760 758 racemum
783 702 1009 756 mmmoauu.

264 899 366 985 ipsius
390 918 457 962 non
484 896 639 962 fimdatas
659 895 695 963 in
720 916 812 961 sacra
836 893 1014 981 Scriptura
1037 914 1114 979 quse
1143 894 1331 982 impediunt

264 1000 412 1066 homines
464 1000 597 1065 tendere
643 1020 757 1064 versus
808 997 927 1064 coelum
973 1019 1031 1084 per
1079 997 1331 1067 observantiam

264 1102 419 1179 caritatis,
447 1107 481 1166 et
507 1101 698 1166 libertatem
724 1100 895 1188 evangelii.

308 1209 336 1270 3.
362 1204 449 1270 Item
487 1204 576 1290 quod
613 1203 808 1269 christianus
846 1203 984 1291 populus
1021 1202 1128 1268 habet
1166 1205 1328 1291 grandem

263 1331 393 1374 eausam
425 1306 636 1394 [refutandi]¹
668 1307 756 1394 leges
782 1312 815 1372 et
838 1311 965 1372 statuta
989 1305 1214 1372 mundialium
1239 1309 1329 1374 oleri·

263 1433 383 1488 corum,
413 1410 523 1494 qualia
546 1416 644 1475 vocat
672 1409 760 1496 leges
782 1408 914 1496 papales
937 1414 971 1473 et
993 1407 1198 1494 episcopales
1225 1409 1327 1476 factus

266 1519 401 1602 propter
423 1513 640 1601 cupiditatem
656 1518 691 1578 et
705 1512 919 1599 voluptatem,
942 1510 1014 1576 sine
1039 1510 1165 1596 quibus
1194 1513 1328 1581 ecclesis

263 1623 373 1704 posset
400 1638 527 1682 currere
557 1636 667 1681 secure
696 1636 809 1681 versus
839 1614 957 1680 eoelum
986 1634 1046 1700 per
1071 1612 1195 1701 jugum
1225 1638 1326 1684 suave

262 1721 494 1786 mandatorum
517 1719 589 1797 Dei,
615 1719 700 1783 sicut
722 1717 800 1783 fecit
822 1739 882 1804 per
902 1715 993 1782 mille
1015 1738 1121 1781 annos
1144 1724 1325 1805 antequam

262 1825 358 1889 dicte
381 1823 469 1910 leges
491 1823 703 1887 mitterentur
736 1819 1016 1896 universitatibus,
1049 1826 1085 1885 et
1111 1826 1324 1888 retranenmt

261 1925 410 1991 homines
441 1948 462 1988 a
492 1947 582 1989 sacra
613 1922 783 2010 Scriptura
816 1928 948 2010 propter
978 1922 1198 2010 cupiditatem
1227 1924 1322 1992 bene·

260 2029 415 2106 fioiorum,
437 2033 472 2092 et
497 2027 667 2094 hominum
691 2027 890 2093 secularium

307 2132 336 2195 l.
362 2130 449 2195 Item
472 2130 562 2214 quod
591 2130 752 2216 simplices
773 2129 921 2196 homines
943 2128 1108 2216 recipiunt
1130 2136 1322 2197 reverenter

260 2232 439 2297 sententias
478 2233 648 2299 doctorum
678 2237 713 2298 et
744 2232 825 2299 alias
855 2232 952 2319 leges,
983 2230 1018 2297 in
1048 2237 1214 2317 quantum
1249 2235 1322 2300 fun-

153 2394 155 2400 .
261 2335 383 2401 dantur
409 2356 506 2422 super
536 2334 740 2423 scripturam
771 2355 897 2401 sacram
927 2354 1086 2421 expresse,
1111 2335 1167 2402 vel
1200 2337 1321 2407 bonam

261 2438 430 2502 rationem.

308 2544 335 2603 5.
360 2539 447 2604 Item
478 2562 552 2605 cum
583 2541 670 2626 leges
706 2561 865 2627 paparum
910 2544 944 2605 et
973 2561 1107 2605 suorum
1145 2540 1321 2611 insciorum

261 2643 449 2708 clericorum
472 2643 540 2707 sint
563 2642 734 2708 contraria
757 2642 821 2707 sibi
847 2643 935 2728 ipsis,
952 2641 1074 2726 absque
1101 2642 1321 2713 fundamento

262 2744 438 2831 Scriptura
487 2745 539 2809 vel
586 2744 731 2820 rationis,
784 2744 905 2811 debent
958 2744 1119 2832 simplices
1168 2745 1319 2815 homines

260 2847 450 2935 permittere
473 2869 527 2912 eas
550 2846 597 2912 ire
621 2846 806 2913 dormitum.

307 2953 334 3016 6.
359 2949 446 3015 Item
485 2949 573 3034 quod
603 2971 677 3014 cum
716 2972 827 3014 omnes
864 2950 1002 3036 apostoli
1048 2949 1242 3019 defeoemmt
1286 2954 1320 3020 in

260 3051 325 3117 fide
352 3058 499 3138 tempore
525 3051 684 3138 passionis
713 3052 845 3131 Christi,
874 3059 908 3117 et
934 3053 1014 3117 fides
1043 3058 1124 3118 tunc
1155 3056 1320 3141 requierit

263 3154 298 3218 in
323 3153 358 3217 B.
384 3152 543 3240 Virgine,²
565 3153 671 3219 multo
694 3155 798 3240 magis
828 3155 985 3240 superbus
1008 3155 1181 3242 presbyter
1205 3157 1318 3225 Roma

260 3278 334 3321 cum
369 3257 437 3320 suis
467 3257 577 3342 potuit
618 3256 758 3322 faciliter
796 3279 901 3322 errare
932 3258 968 3321 in
997 3257 1069 3322 fide.
1126 3258 1173 3325 Et
1213 3261 1319 3327 adlrue

259 3359 340 3423 fides
371 3358 548 3424 christiana
579 3365 730 3424 servatur
760 3359 889 3446 integra
926 3361 961 3424 in
993 3359 1117 3425 Christi
1156 3360 1317 3441 fidelibus,

260 3462 316 3545 qui
339 3466 417 3525 suut
440 3483 518 3525 vera
540 3460 672 3526 ecclesia
696 3460 827 3526 Christi.
886 3461 931 3527 Et
958 3483 1043 3549 papa
1066 3466 1101 3527 et
1125 3483 1241 3531 omnes
1268 3467 1315 3531 sui

258 3563 407 3627 nescirmt
430 3563 567 3648 probare
589 3564 677 3648 quod
699 3563 749 3627 illi
771 3570 849 3629 sunt
872 3562 983 3649 aliqua
1005 3586 1080 3650 pars
1103 3566 1258 3634 eeclesiae.

304 3661 332 3734 7.
357 3663 444 3730 Item
482 3665 570 3750 quod
603 3687 689 3752 papa
726 3687 800 3730 cum
838 3666 989 3731 omnibus
1026 3667 1094 3731 suis
1132 3668 1316 3735 fautoribus

258 3771 367 3853 potest
389 3767 438 3832 ita
459 3766 543 3832 bene
575 3768 678 3855 decipi
710 3791 730 3833 a
759 3768 877 3855 spiritu
900 3769 1060 3834 mendacii
1082 3769 1169 3836 sicut
1192 3773 1316 3852 Achab,

259 3873 293 3932 et
319 3891 430 3934 omnes
454 3871 506 3935 sui
530 3869 720 3959 prophetre;
747 3876 781 3937 et
808 3893 893 3937 unus
919 3893 1016 3938 verus
1037 3872 1206 3961 propheta,
1233 3876 1316 3941 sicut

258 3971 323 4036 fuit
354 3971 516 4050 Michaeas,
549 3978 657 4063 potest
687 3973 805 4043 habere
837 3973 1009 4044 veritatem
1048 3981 1215 4047 ostensam
1254 3979 1316 4047 sibi

259 4079 372 4142 contra
387 4074 654 4144 Anticlrristum.³

293 4415 451 4482 Ιη’]ιιεαηιίἰ]
473 4416 580 4468 inserted
598 4418 625 4468 in
636 4418 679 4470 the
695 4435 760 4470 mar·
808 4420 911 4485 wdting
922 4421 1052 4472 :—“Nota
1075 4423 1202 4488 quomodo
1230 4440 1317 4476 exem·

258 4496 302 4561 giu
333 4497 359 4546 in
384 4497 554 4564 handwritlng
581 4499 612 4549 ol
635 4499 677 4549 the
703 4501 761 4551 Isth
808 4507 822 4530 ‘⁸
833 4500 1004 4567 plilloatqnod
1015 4509 1067 4552 tola
1080 4502 1316 4556 ecclesiaRomana

258 4584 371 4641 century.
807 4586 821 4609 ‘¹
833 4589 914 4646 potest
926 4581 1032 4633 emre.”

291 4654 429 4725 ²Vr'rpiue]
454 4657 520 4708 Note
543 4657 569 4706 in
588 4659 761 4712 causabere
840 4660 1160 4729 ³1Kisguxii.2o,ea.
