3158 5490
574 756 753 809 rascrwu
772 758 998 810 azimum
1271 750 1309 810 51

262 966 303 1010 eo
330 946 385 1009 mi
413 945 596 1010 revelatum
625 953 677 1011 ast
705 969 764 1032 per
792 947 956 1009 somnium
977 946 1033 1010 vel
1061 947 1215 1032 spiritum
1237 961 1465 1031 momenta

264 1047 448 1132 pbetioum:
471 1069 515 1112 ex
530 1070 596 1133 quo
610 1049 787 1134 arguebam
801 1048 931 1133 quodsi
952 1053 1004 1113 est
1022 1049 1193 1113 asserenda
1214 1049 1258 1113 ab
1272 1028 1472 1157 eofflss'm

264 1150 316 1213 oui
338 1148 520 1212 revelatum
541 1156 600 1224 est
617 1156 697 1214 tunc
718 1156 769 1213 est
791 1150 968 1213 maerenda.
1014 1149 1173 1214 Concedit
1187 1150 1310 1217 Doctus
1319 1160 1433 1210 douae

262 1250 508 1327 conclusionem,
537 1258 574 1316 et
598 1253 680 1316 dicit
703 1251 792 1336 quod
816 1262 835 1286 “
848 1251 914 1316 Hic
935 1252 1007 1315 avis
1028 1253 1117 1337 oepit
1133 1224 1475 1344 somffffl‘m

263 1352 384 1432 Quaero
406 1352 488 1436 quid
516 1353 674 1439 intelligit
702 1375 762 1438 per
790 1358 960 1417 musoeml
1004 1354 1042 1419 Si
1070 1355 1422 1450 oonolusionemffwv!

262 1454 982 1539 argumentimeicnmillasitunaveritas
998 1423 1474 1539 sioutoonoeditunaffiiiien

263 1561 344 1620 tuno
370 1555 485 1620 habito
518 1556 582 1621 isto
600 1557 698 1621 modo
722 1556 886 1640 loquendi,
910 1555 1068 1642 Magister
1092 1579 1184 1622 meus
1215 1554 1467 1642 ponit“Mr”²

262 1657 508 1722 multitudinem
529 1680 715 1723 musaarum
735 1659 779 1722 ab
800 1665 932 1736 aeterno,
946 1659 1026 1742 quia
1047 1659 1142 1744 ponit
1162 1659 1309 1724 infinitas

262 1759 1356 1846 venmtmaetummqmnimnullaestDeussedverams

261 1882 283 1924 a
303 1859 376 1924 Deo
397 1861 570 1926 distinctu
605 1869 641 1926 et
670 1863 700 1926 ai
732 1862 786 1926 hio
812 1862 857 1925 sit
878 1882 992 1926 sensus
1013 1861 1113 1946 hujus
1135 1862 1307 1947 positionis

261 1962 302 2026 de
319 1963 524 2040 veritatibus,
538 1968 619 2028 tunc
640 1986 707 2028 non
728 1964 831 2027 miror
852 1964 941 2047 quod
963 1970 1014 2028 est
1035 1963 1194 2028 artimlus
1215 1964 1308 2028 dam-

261 2069 365 2129 natus
410 2064 449 2139 si
470 2066 627 2151 quioquid
649 2066 739 2130 aliud
758 2065 960 2130 intellexerit
979 2087 1038 2150 per
1053 2087 1207 2140 masuam,
1223 2067 1307 2151 quid

260 2172 312 2230 eat
348 2167 437 2251 quod
473 2172 543 2231 tam
575 2189 732 2253 generosa
763 2167 836 2231 avis
869 2173 1000 2231 tantum
1034 2167 1227 2253 indignatur
1263 2169 1305 2232 de

259 2269 408 2353 captione
444 2268 541 2344 illius,
579 2269 644 2334 nisi
680 2268 825 2335 fecissem
862 2269 926 2334 sibi
962 2269 1118 2355 injuriam
1148 2270 1307 2357 sapiendo

260 2369 405 2454 pradum
426 2391 528 2434 anam

305 2470 377 2535 Ista
400 2472 509 2556 jooose
540 2472 750 2559 proferuntur
777 2494 822 2537 ex
856 2479 995 2559 utraque
1026 2478 1127 2559 parte,
1150 2481 1186 2538 et
1219 2475 1305 2539 bono
1316 2479 1359 2529 rto
1369 2481 1454 2539 doubt

258 2573 518 2648 animosatiaut
532 2576 673 2654 mima
693 2575 848 2660 sedquod
859 2575 1007 2660 sequar
1020 2574 1149 2639 exam
1162 2576 1304 2652 modum,
1315 2546 1473 2675 {tw

257 2679 293 2739 et
315 2674 391 2738 ideo
411 2675 455 2739 ad
475 2676 566 2741 istud
588 2699 654 2741 non
682 2677 868 2762 respondeo.
912 2676 1004 2739 Dicit
1025 2676 1113 2739 enim
1136 2677 1224 2760 quod
1245 2698 1306 2761 ego
1316 2679 1439 2738 Med.

258 2775 339 2840 false
362 2797 468 2841 amero
490 2777 631 2862 glossam
652 2800 768 2853 meam,
792 2785 827 2842 et
848 2777 1000 2842 similiter
1021 2777 1179 2862 glossator
1202 2799 1302 2857 mens,
1316 2745 1465 2874 &3¹1ss

258 2899 399 2962 quornm
425 2879 565 2964 utrique,
588 2884 628 2944 ut
649 2880 737 2955 dicit,
762 2886 814 2944 ost
836 2877 994 2944 revelatio
1008 2879 1101 2954 facta
1121 2878 1179 2942 sed
1200 2881 1442 2944 nontamen·

258 2984 373 3043 utrum
401 2979 526 3045 visione
555 2981 750 3066 imaginaria
771 2988 846 3068 post
866 2981 1041 3067 potionem,
1072 2979 1126 3045 vel
1154 2979 1304 3046 illusione
1315 2942 1457 3058 efflat

258 3080 419 3146 diabolica
437 3087 512 3167 post
530 3084 755 3148 tentationem
802 3082 868 3148 Hic
887 3088 1025 3148 transeo.
1316 3073 1390 3124 ’Μ
1400 3088 1440 3124 '⁸

304 3183 343 3248 V.
366 3182 492 3263 Quinto
513 3185 736 3271 principaliter
756 3184 980 3271 respondendo
1005 3184 1048 3249 ad
1073 3176 1302 3249 auctoritatem
1316 3139 1471 3256 {iiiiii-

257 3306 333 3371 quae
361 3286 497 3372 ponitur
518 3285 728 3378 l'I'hrenorum
761 3303 807 3351 Ν.
834 3285 863 3356 7.
889 3286 1012 3352 scilieet
1041 3285 1163 3352 Patras
1192 3273 1460 3389 iioatrifflthgm·

254 3394 480 3472 peceaverunt
510 3394 541 3454 et
572 3408 646 3454 iton
676 3394 768 3463 aaut
797 3388 955 3473 Magister
980 3409 1072 3452 meus
1095 3388 1176 3453 dicit
1199 3388 1305 3453 multa
1316 3355 1437 3494 wynila

258 3509 334 3572 qum
354 3489 462 3553 nescio
483 3489 565 3554 bene
588 3489 731 3554 conferre
753 3489 796 3554 ad
822 3489 970 3565 invioem,
994 3490 1063 3555 sine
1086 3490 1456 3575 mpugnannafiahsne

258 3590 425 3666 sermonis,
447 3590 514 3655 scio
545 3595 657 3656 tamen
678 3592 765 3677 quod
796 3590 860 3655 illis
893 3591 1051 3676 Magister
1080 3611 1173 3654 meus
1203 3569 1391 3655 babetment

258 3712 390 3756 sensum
420 3692 500 3757 satis
525 3693 656 3773 bonum,
682 3693 740 3777 qui
762 3713 836 3757 cum
857 3714 910 3757 me
932 3693 1043 3774 lateat,
1066 3713 1169 3778 arguo
1191 3696 1305 3756 contra

258 3794 455 3858 sententiam
492 3815 592 3879 qnam
628 3795 730 3860 verba
764 3798 1005 3879 repraesentant
1061 3792 1172 3858 Primo
1215 3793 1304 3858 enim

260 3895 418 3982 Magister
447 3897 604 3982 glossavit
634 3897 731 3961 istam
764 3896 1000 3970 auctoritatem,
1025 3899 1139 3980 postea
1168 3893 1304 3980 negavit

259 4017 331 4061 eam
353 3997 551 4083 simpliciter,
575 4004 610 4063 et
631 3997 711 4063 dioit
733 3997 821 4083 quod
841 4017 908 4062 non
930 3995 1039 4061 variat
1052 3994 1301 4082 responsionem,

258 4099 344 4163 sicut
376 4120 436 4164 nec
469 4103 606 4186 oportet
641 4104 774 4185 propter
804 4097 1030 4163 difficultatem
1063 4097 1212 4182 argutiae,
1243 4118 1302 4161 neo

258 4205 393 4287 propter
407 4200 623 4266 subtilitatem
638 4200 791 4266 materiae
826 4199 950 4263 Verum
965 4203 1126 4284 quantum
1141 4198 1184 4263 ad
1206 4220 1303 4282 argu-

259 4307 407 4367 mentum
445 4323 562 4377 meum,
601 4303 680 4387 quia
714 4323 781 4366 non
818 4305 868 4366 est
898 4300 961 4364 sibi
994 4299 1132 4378 difficile,
1165 4300 1304 4364 matoria

259 4409 398 4480 tuntum,
422 4407 461 4466 ut
483 4403 564 4466 mihi
587 4404 725 4480 videtur,
750 4403 829 4467 satis
850 4402 978 4466 subtilis
1001 4407 1057 4477 est,
1074 4402 1159 4465 sicut
1181 4408 1216 4466 ot
1238 4402 1303 4465 ulia

259 4526 460 4589 quaeounque
486 4505 624 4570 materia
650 4505 827 4590 Scripturas
853 4525 960 4583 sacrm,
982 4525 1041 4568 noc
1072 4526 1132 4589 ego
1164 4503 1303 4589 imposui

260 4605 396 4672 Ductori
432 4606 519 4691 quod
549 4606 692 4672 variavit
717 4605 964 4693 responsionem,
996 4604 1089 4690 quasi
1123 4625 1302 4688 perunum

1152 4719 1213 4780 nt
