3008 5490
542 770 720 821 rusorcunr
743 768 965 820 zrzsuronuu
1212 756 1277 821 ³23

731 954 823 1021 XVI.

269 1092 428 1157 Asserere
456 1093 544 1177 quod
569 1093 678 1159 nullus
701 1100 752 1159 est
776 1095 926 1160 dominus
952 1095 1065 1173 civilis,
1091 1095 1200 1161 nullus
1227 1103 1277 1162 est

225 1192 404 1310 episeopus,
435 1193 545 1259 nullus
581 1200 631 1260 est
667 1195 831 1282 praelatus,
870 1196 950 1263 dum
987 1203 1036 1262 est
1073 1196 1109 1261 in
1147 1204 1277 1284 peceato

226 1294 490 1463 mtlirdlihcedimus
511 1398 600 1483 quod
622 1404 673 1465 est
695 1397 801 1465 error.¹

706 1610 817 1677 XVII.

281 1746 380 1830 Quod
429 1750 553 1815 domini
601 1751 795 1837 temporales
839 1757 984 1837 possunt,
1022 1752 1066 1817 nd
1107 1751 1280 1818 arbitrium

224 1872 348 1929 eorum,
376 1851 501 1917 auferre
530 1852 618 1918 bono
646 1853 839 1940 temporalis
867 1853 911 1917 sb
942 1852 1163 1918 ecclesiasticis
1188 1854 1281 1917 hobi-

223 1953 363 2018 tualiter
385 1954 656 2039 delinquentibus

283 2054 499 2121 concedimus
529 2056 617 2141 quod
647 2060 697 2123 est
727 2078 821 2132 error,
846 2056 889 2121 ad
914 2056 1001 2121 huno
1031 2078 1168 2133 sensum,
1193 2056 1281 2142 quod

223 2162 364 2243 possunt
392 2156 538 2243 legitime
576 2158 621 2223 sio
642 2157 769 2223 auferre
799 2157 886 2223 bono
914 2158 1106 2244 temporalia
1136 2158 1281 2223 ecclesio-

223 2258 325 2337 rum,2
362 2265 458 2325 extus
501 2281 594 2325 ossus
631 2258 791 2325 limitatos
828 2260 864 2323 in
899 2258 1026 2346 legibus
1069 2259 1209 2326 ecclesiae
1247 2265 1281 2325 et

224 2382 410 2447 regnorum
879 2434 883 2439 ,

272 2460 369 2541 Quod
398 2462 568 2548 populures
597 2468 733 2549 pomunt
762 2462 805 2527 od
835 2482 947 2528 eorum
977 2463 1149 2528 arbitrium
1179 2464 1281 2528 domi·

224 2585 288 2629 nos
312 2563 540 2648 delinquentes
562 2565 727 2651 corrigere.

273 2664 494 2751 Intelligendo
516 2687 575 2751 per
596 2688 695 2752 posse,
723 2686 815 2752 posse
833 2665 936 2750 juris:
961 2666 1165 2732 concedimus
1194 2667 1282 2751 quod

224 2773 279 2833 est
324 2788 438 2847 error3
476 2767 555 2851 quio
598 2766 769 2854 populares
806 2789 872 2832 non
909 2767 1033 2832 habent
1085 2772 1280 2854 potestatem

222 2868 409 2935 eoectivsm
432 2891 629 2955 supersues
655 2869 812 2948 dominos,
840 2868 897 2934 sed
919 2891 937 2932 e
960 2874 1080 2934 contre

684 3092 816 3158 XVIII.

283 3231 380 3312 Quod
423 3230 555 3295 dscimae
597 3228 691 3295 sunt³
728 3252 818 3315 pune
857 3229 1078 3323 eleemospmc,
1119 3233 1154 3293 et
1191 3230 1279 3314 quod

224 3333 417 3421 parochiani
441 3330 593 3417 possunt⁴
620 3338 752 3417 propter
777 3335 909 3417 peccata
934 3353 1066 3395 suorum
1092 3336 1278 3394 curatorum

225 3471 284 3513 eas
307 3448 461 3525 detinere,
485 3444 580 3510 etad
604 3444 737 3510 libitum
761 3446 834 3510 aliis
859 3445 1009 3511 conferre

275 3548 495 3635 Intelligendo
525 3568 583 3633 per
615 3569 716 3633 posse,
749 3554 788 3613 ut
818 3548 916 3635 prius,
948 3545 1055 3634 possc⁵
1079 3546 1276 3633 juridicum:

225 3651 436 3718 concedimus
457 3646 545 3734 quod
568 3653 618 3713 est
641 3670 736 3714 error.

724 3863 818 3930 XIX.

277 4002 374 4085 Quod
395 4002 547 4091 speciales
569 4003 730 4069 orationes
759 4002 929 4088 oppliostae
959 4001 1018 4065 uni
1047 4021 1192 4086 personis
1221 4022 1279 4087 per

226 4107 391 4195 pnclutos
423 4106 475 4171 vel
505 4106 678 4192 religiosos,
705 4125 773 4169 non
804 4103 877 4189 plus
907 4108 1042 4188 prosunt
1066 4104 1171 4168 eidem
1209 4124 1280 4186 per-

224 4452 228 4459 ·
267 4436 368 4503 Ιιννον]
383 4435 493 4486 Aomits
504 4436 554 4486 this
565 4435 716 4485 conclusion
814 4436 824 4465 ⁴
831 4430 947 4498 mmor]
991 4433 1092 4498 possim,
1131 4429 1161 4489 11,
1194 4428 1284 4487 wilk..

265 4518 276 4546 ²
287 4513 452 4580 ecclesiarum]
465 4514 696 4572 ecclesiasticorum,
706 4514 735 4571 L,
782 4508 876 4577 spelm

232 4592 325 4653 wilk„
336 4594 429 4658 Spelm.
814 4585 916 4656 ‘pond
929 4603 978 4641 om.
990 4591 1023 4641 Δ.

267 4674 277 4701 ¹
288 4672 357 4738 sust]
371 4672 427 4733 sint,
438 4672 468 4733 Ia,
479 4672 567 4734 Wilk„
579 4671 670 4738 Spelm.
