3008 5490
548 745 727 797 rascrcunr
750 744 972 797 arzauroauu
1212 733 1276 798 359

224 928 340 1019 pluras
378 932 544 1017 opiniones
578 933 726 1009 nefarias,
758 939 792 998 et
822 933 1030 1020 allegationes
1063 932 1277 1011 detestabiles,

223 1030 307 1098 fidei
336 1033 504 1100 catholicae
534 1036 659 1100 notorie
690 1041 914 1122 repugnantes,
946 1059 983 1100 ac
1013 1035 1048 1098 in
1078 1035 1279 1100 diversarum

223 1154 439 1222 personarum
469 1137 655 1202 scandalum
678 1143 712 1202 et
735 1136 942 1223 opprobrium
966 1136 1137 1202 manifeste
1162 1137 1280 1202 redun-

223 1234 355 1313 marea
383 1239 534 1324 nequiter
559 1239 817 1317 communicavit,
849 1239 1036 1325 publicavit,
1060 1244 1095 1303 et
1120 1244 1279 1324 tanquam

224 1336 358 1403 timia
395 1339 431 1403 in
465 1340 584 1426 populo
613 1340 797 1418 seminavit,
830 1346 864 1405 et
892 1339 1037 1406 adhuc
1028 1362 1063 1404 ιιι
1094 1339 1280 1426 hujusmodi

223 1440 403 1527 poposita
442 1441 621 1506 damnabili
658 1449 693 1508 et
729 1441 872 1528 maligno
916 1442 1031 1520 animo,
1070 1441 1281 1527 pertinaciter

223 1543 457 1629 pausaverat,'
448 1564 484 1606 ιιι
507 1544 584 1608 fidei
606 1544 772 1609 catholicas
797 1544 970 1624 laesionem,
995 1549 1030 1608 et
1055 1543 1280 1608 universitatis

224 1643 395 1730 mdictae
417 1645 660 1711 subversionem
683 1651 717 1710 et
739 1645 926 1710 scandalum
949 1643 1127 1709 manifeste.

274 1743 347 1810 Nos
382 1744 484 1831 igitur
520 1747 667 1811 nolentes
704 1746 890 1831 hujusmodi
927 1744 1067 1810 nefarias
1105 1742 1279 1831 opiniones,

227 1851 265 1912 et
289 1847 500 1934 allegationes
524 1847 732 1913 detestabiles
755 1854 869 1914 contra
898 1853 1023 1913 statum
1048 1846 1187 1913 ecclesias
1209 1867 1282 1934 per-

227 1968 343 2035 peram
372 1950 576 2036 publicatas:
609 1972 683 2036 quae
714 1949 813 2015 etiam
844 1949 970 2035 aliquas
1000 1970 1153 2035 personas
1189 1949 1282 2015 inno-

228 2056 340 2116 centes
366 2051 505 2116 faciliter
531 2058 770 2138 aggravarent5
796 2051 884 2137 quod
911 2050 1068 2116 nollemus
1095 2051 1280 2136 aliqualiter

228 2151 376 2229 tolerare,
400 2153 495 2218 sicuti
518 2175 577 2218 nec
600 2154 774 2218 debemus:

288 2253 390 2319 Vobis
438 2254 615 2320 districtius
662 2278 726 2340 quo
769 2276 938 2341 possumus
986 2254 1021 2319 in
1018 2253 1195 2342 jungimus,
1246 2259 1409 2321 etveeom

229 2355 431 2434 mandamus,
482 2364 642 2443 quatenus
688 2356 861 2442 praefatum
906 2357 1039 2422 fratrem
1099 2357 1280 2422 Henricum
1291 2336 1430 2400 ΜΨ

228 2456 358 2542 aliquos
404 2464 492 2523 actos
538 2458 788 2523 scholasticos'
779 2481 815 2521 ιιι
852 2458 1066 2524 universitate
1114 2459 1340 2545 praedictas
1291 2408 1419 2515 tos<ibim

228 2580 335 2645 usque
370 2560 414 2624 ad
452 2559 650 2645 quindenam
681 2560 808 2646 paschae
837 2560 985 2646 proximo
1018 2559 1138 2626 suturas
1176 2560 1279 2625 facere
1291 2533 1422 2650 ,offitio

228 2667 267 2727 et
289 2682 438 2727 exercere
459 2663 595 2727 minime
616 2662 824 2748 permittatis.
1292 2671 1352 2715 aas.

278 2761 582 2828 Praemunientas
573 2785 705 2849 insuper
735 2763 873 2827 eundem
905 2762 1093 2841 Henricum,
1124 2763 1211 2848 quod
1237 2762 1281 2828 sit

228 2884 341 2929 coram
370 2864 473 2940 nobis,
506 2870 539 2929 et
570 2865 656 2929 dicto
687 2864 822 2929 concilio
852 2870 970 2939 nostm,
1002 2865 1045 2929 ad
1075 2865 1162 2928 diem
1199 2886 1280 2950 prae-

229 2964 366 3040 dictum,
390 2966 425 3029 in
448 2965 638 3031 cancellaria
660 2970 778 3042 nostra,
803 2966 845 3030 ad
872 2966 1131 3050 respondendum
1157 2965 1280 3031 ibidem

228 3088 330 3152 super
365 3068 546 3152 praemissis,
579 3074 613 3132 at
650 3067 723 3131 aliis
760 3089 833 3151 quae
872 3073 950 3133 tunc
987 3067 1049 3132 sibi
1087 3067 1281 3152 objicientur

228 3189 277 3234 cx
305 3174 398 3253 parte
435 3175 567 3234 nostra:
607 3175 640 3234 et
670 3169 713 3232 ad
748 3168 930 3234 faciendum
972 3168 1109 3234 ulterius
1139 3175 1172 3233 et
1202 3169 1281 3234 reoi-

229 3270 396 3356 piendum,
416 3271 503 3356 quod
525 3270 614 3335 cirria
637 3276 748 3336 nostra
769 3269 986 3335 consideravit
1007 3269 1043 3333 in
1065 3271 1125 3335 hac
1147 3277 1247 3356 porte

288 3371 334 3436 Et
370 3371 430 3438 hoc
467 3373 528 3437 sub
565 3372 706 3457 periculo
755 3373 844 3457 quod
889 3371 1049 3437 incumbit
1095 3371 1281 3438 nullatenus

231 3473 404 3538 omittatis.

279 3573 375 3639 Teste
397 3574 518 3661 meipso
540 3575 628 3690 apud
649 3574 982 3652 westmonasterium,
1007 3592 1063 3640 xx
1087 3574 1140 3642 die
1162 3576 1280 3642 mensis
1293 3587 1429 3639 Watmin

232 3675 358 3752 Martii,
382 3699 469 3741 anno
492 3677 584 3763 regni
607 3677 712 3742 nostri
735 3676 982 3762 quintodecimo.
1292 3655 1448 3782 ibriilobmh

1292 3785 1352 3838 Ns.

273 3876 426 3966 Explicit
448 3886 545 3945 octus
568 3885 686 3945 contro
699 3877 851 3964 fratrent
871 3876 1068 3947 Hercricum
1091 3878 1248 3966 Uraucpc,

442 3978 650 4050 laomellum
672 3979 810 4048 ordinis
834 3979 1071 4049 Oisterciaasc's.
