3008 5490
227 664 294 727 144
529 672 709 723 rascrcum
730 671 958 721 zmarrormc

224 859 312 942 quod
334 863 385 922 est
406 879 523 922 aurum
546 857 698 931 exterim,
724 861 759 921 et
781 860 954 942 argentum
978 852 1125 920 interius
1170 853 1261 934 Qum

222 959 356 1024 modum
383 958 542 1044 approbat
569 957 803 1023 Lincolniensis
825 978 867 1022 ex
890 956 1068 1042 Scriptum,
1094 956 1155 1041 qui
1176 956 1262 1021 etiem

223 1060 348 1135 habuit,
372 1065 411 1123 ut
427 1080 524 1144 opera
546 1081 606 1123 sua
620 1059 805 1133 ostendunt,
827 1058 918 1121 illam
940 1057 1161 1122 subtilitatem
1182 1056 1264 1123 intel·

224 1160 348 1245 ligendi
372 1159 583 1245 Scriptum,
607 1161 648 1224 de
674 1181 740 1243 qua
761 1159 907 1223 homines
924 1158 1055 1243 jactant
1081 1158 1135 1223 his
1157 1159 1265 1235 dicbm

223 1266 257 1325 et
279 1260 412 1325 videtur
433 1261 547 1325 multis
569 1260 756 1324 hominibus
770 1260 841 1323 sine
862 1281 966 1324 causa
1013 1258 1156 1345 Oportet
1169 1264 1267 1324 Μαι

222 1362 399 1426 secundum
422 1361 603 1426 doctrinam
625 1361 721 1425 istius
744 1360 884 1425 doctoris
906 1360 1004 1424 aliter
1018 1361 1062 1424 ad
1076 1361 1266 1447 propositam

223 1462 431 1527 considerare.
478 1462 569 1527 Licet
599 1461 686 1526 enim
718 1461 940 1546 Hieronymus
969 1483 1069 1547 supra
1107 1461 1267 1527 Danielen

224 1563 319 1640 dicat,
341 1587 408 1651 cap.
424 1562 521 1641 v111.,¹
546 1564 634 1648 quod
655 1563 765 1627 nullus
791 1563 925 1648 angelus
951 1568 1002 1626 est
1024 1562 1079 1625 vir
1099 1563 1267 1628 secundum

223 1671 385 1742 naturam,
416 1665 493 1730 licet
522 1663 648 1750 angeli²
677 1664 872 1748 quandoque
902 1668 1083 1749 appareant
1109 1663 1147 1727 in
1173 1661 1268 1749 specie

224 1767 378 1844 virorum,
407 1771 535 1851 oportet
558 1771 668 1830 temen
694 1765 872 1829 secundum
897 1764 1132 1850 Augustinum,
1160 1765 1218 1849 qui
1240 1784 1269 1829 se

223 1867 406 1952 stringebat
443 1867 485 1930 ad
515 1888 644 1930 sensum
675 1866 852 1950 Scripturae
879 1863 931 1929 et³
963 1865 1073 1944 verba,
1104 1866 1270 1931 concedere

224 1968 311 2050 quod
326 1967 433 2051 angeli
455 1972 646 2050 apparentes
670 1967 803 2031 fuenmt
818 1966 891 2045 viri,
915 1972 1048 2051 propter
1075 1965 1270 2053 Scripturcm

223 2066 283 2129 hoc
298 2067 445 2130 absolute
460 2072 662 2131 asserentem.
702 2067 753 2130 Ut
767 2067 823 2142 ibi,
839 2067 897 2132 Er
911 2089 977 2132 ecce
992 2065 1068 2132 oir⁶
1082 2066 1272 2133 lactabatur

224 2187 304 2230 cuce
323 2163 452 2241 Jacob,⁶
475 2173 509 2229 et
531 2167 567 2229 in
589 2167 663 2230 aliis
686 2167 764 2231 locis
791 2168 911 2235 multis
958 2167 1013 2232 Ita
1035 2169 1272 2255 quodpropter

223 2271 374 2330 naturam
397 2267 505 2352 angeli
525 2273 653 2351 oportet
679 2268 850 2333 concedere
876 2269 964 2353 quod
988 2268 1140 2334 fuerunt⁷
1162 2269 1271 2355 augeli,

223 2373 258 2432 et
284 2376 415 2452 propter
439 2368 642 2453 Scripturam
670 2391 776 2484 quam
795 2392 864 2434 non
888 2370 966 2433 licet
991 2391 1118 2455 negare,
1151 2375 1272 2457 oportet

223 2470 395 2534 concedere
418 2471 506 2554 quod
527 2468 677 2534 fuerunt⁷
714 2470 787 2533 viri.
834 2468 1001 2534 Fuerimt⁷
1046 2469 1141 2586 ergo⁸
1170 2470 1271 2558 angeli

224 2571 400 2635 secundum
424 2571 650 2646 substantiam,
679 2576 714 2635 ct
739 2571 804 2634 viri
832 2570 1010 2635 secundum
1036 2571 1185 2655 speciem.
1229 2572 1271 2636 Et

224 2672 325 2735 simili
340 2671 443 2757 logica
464 2672 571 2736 utitur
595 2672 771 2756 Scriptura,
795 2677 834 2735 ut
857 2672 937 2735 dicit
960 2671 1205 2749 Lincolniensis,
1220 2671 1272 2737 ubi

225 2772 394 2859 Scriptura
416 2774 526 2860 aliqua
548 2795 614 2837 non
636 2773 812 2837 secundum
835 2772 1061 2848 substantiam,
1086 2774 1145 2837 sed
1167 2794 1273 2838 secun·

225 2874 304 2939 dum
338 2874 475 2960 speciem
505 2874 697 2939 verificatur.
745 2871 962 2937 Conformiter
988 2878 1038 2937 est
1076 2874 1118 2937 de
1147 2894 1272 2960 corpore

227 2974 370 3045 Christ?
394 2977 430 3039 in
452 2977 555 3040 altari.
601 2974 654 3037 lbi
678 2974 765 3037 enim
789 2971 869 3036 est¹⁰
892 2978 926 3037 ct
956 2995 1070 3056 corpus
1097 2982 1131 3038 et
1161 2975 1252 3059 panis
1264 2998 1272 3054 ;

225 3099 339 3162 corpus
388 3078 563 3141 secundum
612 3074 835 3148 substantiam,
876 3079 909 3136 et
957 3075 1050 3157 panis
1099 3077 1272 3141 secundum

224 3199 369 3261 specrem.

269 3276 399 3351 Dicant,
417 3298 534 3359 quaeso
559 3276 615 3339 isti
638 3276 774 3340 subtiles
798 3275 974 3359 Scriptura
997 3281 1201 3352 scrutatores,
1218 3277 1273 3342 ubi

225 3374 393 3458 Scriptura
419 3376 459 3437 de
486 3376 590 3438 forma
620 3382 653 3438 et
680 3376 784 3459 specie
810 3382 904 3450 tacet,
933 3383 966 3439 et
1000 3378 1208 3461 postmodum
1234 3379 1274 3442 ad

224 3475 318 3538 illum
335 3476 561 3558 exponendum
577 3475 722 3538 doctores
738 3477 902 3561 applicant
925 3478 1061 3540 formam
1077 3486 1111 3541 et
1128 3481 1272 3564 speciem,

225 3581 259 3640 et
274 3598 421 3661 expresse
445 3581 566 3660 negant
589 3575 635 3637 ibi
663 3598 729 3639 esse
756 3578 919 3662 propriam
946 3579 1163 3642 substantiam
1188 3580 1273 3644 illius

225 3678 363 3761 speciei3
387 3677 506 3750 dicant,
534 3677 675 3760 inquam,
702 3678 759 3741 ubi
785 3685 818 3741 et
845 3679 975 3760 quando
1002 3679 1170 3763 Scriptura
1196 3687 1273 3745 tunc

225 3777 366 3862 intelligi
406 3778 523 3840 debeat
558 3778 732 3841 secundum
760 3780 805 3841 rei
837 3779 1061 3854 substantiam,
1094 3783 1272 3864 praesertim

225 3899 298 3942 cum
319 3877 528 3942 multitudo¹¹
555 3878 814 3943 Christianorum
837 3901 962 3963 semper
993 3881 1196 3944 crediderit¹2
1222 3905 1273 3946 eos

259 4136 266 4164 ¹
279 4134 382 4184 Jerome
401 4150 434 4183 on
448 4137 515 4187 Dan.
527 4153 585 4188 rur.
601 4144 638 4188 15.
805 4140 814 4165 ⁷
818 4138 936 4201 suerunt]
951 4146 1014 4196 sunt,
1027 4139 1061 4187 A.

257 4211 372 4275 ¹anyeb']
387 4227 435 4261 om.
448 4214 477 4262 B.
805 4217 892 4280 'erpo]
908 4217 989 4279 igitur,
1001 4216 1030 4265 C.

258 4289 314 4352 ¹2t]
328 4304 376 4338 om.
389 4289 418 4339 C.
804 4296 814 4322 ¹
831 4294 936 4358 Christi]
950 4310 998 4342 om.
1010 4294 1039 4343 C.

259 4366 316 4431 ⁴01]
330 4382 378 4414 om.
391 4367 421 4416 B.
807 4374 824 4402 ¹¹
836 4372 883 4436 ear]
898 4388 945 4420 om.
959 4372 987 4421 C.

258 4443 330 4508 ¹cir]
345 4444 385 4492 vir
395 4460 466 4503 unus,
478 4444 508 4493 B.
808 4451 823 4479 ¹¹
837 4449 974 4515 multitudo]
988 4450 1068 4508 multi,
1081 4451 1114 4509 A,
1127 4451 1156 4501 C.

258 4523 269 4551 ⁸
281 4521 344 4573 Gen
356 4522 438 4572 xxxii.
450 4528 491 4572 24.
806 4529 826 4558 ¹²
836 4527 977 4592 crediderit]
992 4529 1148 4589 crediderint,
1160 4529 1194 4589 A,
1206 4529 1236 4581 C.
