3158 5490
582 679 760 752 rasorou'rr
783 699 1010 763 moruorum
1276 692 1316 756 al

315 889 426 955 Instat
450 888 588 954 ulterius
611 886 768 975 Magister
790 910 891 967 meus,
911 897 952 954 ιιι
976 890 1136 977 assignem
1158 892 1318 958 rationem

269 1013 372 1080 quare
397 990 568 1079 Scriptura
589 997 658 1057 tam
680 992 868 1077 frequenter
888 993 996 1058 utitur
1016 994 1128 1079 tropis,
1143 1001 1178 1059 et
1199 995 1319 1081 figura·

267 1097 340 1161 tivo
361 1095 460 1160 modo
479 1094 642 1181 loquendi,
664 1099 700 1159 et
720 1095 882 1181 praecipue
905 1095 941 1158 in
967 1095 1157 1161 extensione
1174 1096 1229 1162 vel
1251 1120 1318 1162 am-

266 1198 426 1285 pliatione
450 1197 614 1282 temporis
649 1196 727 1260 “Ad
756 1196 845 1281 quod
873 1196 945 1261 dico
970 1197 1055 1262 siout
1083 1198 1197 1275 sentio,
1230 1201 1318 1284 quod

265 1298 445 1385 aliquando
471 1298 511 1363 fit
533 1299 595 1363 hoc
615 1298 659 1363 ad
682 1297 917 1385 designandum
943 1300 1177 1381 setemitatem3
1201 1306 1241 1366 ιιι
1259 1302 1316 1379 ibi,

266 1401 468 1488 Annonam
481 1398 661 1466 Abraham
666 1399 765 1486 fieret
778 1400 849 1486 Epo
863 1421 942 1466 eam
953 1399 974 1480 3¹
996 1401 1171 1486 aliquando
1185 1410 1318 1489 propter

267 1504 447 1569 notandam
464 1502 714 1581 certitudinem
737 1505 784 1578 ut
810 1501 880 1583 Qus·
905 1523 979 1567 aon
1001 1502 1107 1569 crodit
1125 1502 1204 1587 jam
1217 1504 1317 1588 judi·

267 1612 369 1671 ootoa
382 1603 459 1685 cat?
473 1604 648 1690 aliquando
664 1604 763 1668 etiam
777 1609 912 1690 propter
925 1604 1029 1669 solum
1044 1604 1200 1689 placitum
1212 1611 1317 1671 trans-

266 1709 410 1773 latorum
429 1707 482 1772 vel
505 1706 728 1791 interpretum,
750 1707 808 1791 qui
832 1707 872 1771 do
894 1706 1008 1792 figuris
1032 1707 1252 1791 grammaticas
1278 1714 1317 1774 ιιι

266 1809 447 1896 plurimum
465 1808 600 1873 minime
623 1809 790 1884 curabant,
813 1807 898 1872 siout
920 1811 1061 1872 testatur
1083 1808 1259 1894 Gregorius
1280 1811 1315 1875 in

266 1913 401 1998 prologo
417 1908 596 1975 Moralium
614 1897 696 1996 [capi
712 1909 773 1998 5];
793 1909 873 1994 quin
887 1909 997 1995 potius
1012 1910 1145 1974 modum
1159 1910 1315 1997 loquendi

265 2013 469 2100 temporibus
498 2012 565 2076 siris
594 2012 754 2076 usitatum
784 2011 957 2097 diligenter
994 2011 1218 2090 observabant,
1258 2016 1314 2099 qui

261 2117 332 2201 jam
355 2115 440 2179 forte
466 2114 502 2178 in
524 2118 593 2178 tarn
616 2113 779 2198 fiequenti
800 2134 863 2177 usu
884 2134 951 2177 uon
972 2117 1029 2189 est,
1046 2114 1207 2201 praecipue
1227 2117 1315 2202 apud

265 2218 436 2304 sapientes,
468 2215 554 2281 sicut
573 2220 654 2279 tunc
675 2219 754 2280 erat
800 2213 874 2279 Hoc
896 2214 984 2279 enim
1007 2215 1047 2280 de
1070 2217 1184 2282 multis
1205 2219 1315 2282 verbis

264 2341 350 2406 saepe
372 2317 543 2404 contingit,
558 2321 598 2381 ιιι
619 2317 700 2382 dicit
725 2317 762 2381 B.
782 2308 995 2402 Augustinus,
1020 2323 1070 2382 Νο
1092 2318 1143 2382 De
1167 2319 1315 2384 doctrina

267 2421 465 2498 Christiana,
488 2441 555 2505 cap.
584 2417 649 2498 18,8
675 2417 763 2503 quod
792 2419 954 2482 modicum
976 2441 1035 2504 pro
1064 2441 1168 2505 parvo
1194 2421 1314 2485 dieitur

264 2523 410 2599 abusive,
433 2526 469 2586 et
493 2524 604 2586 tamen
624 2525 752 2585 constat
777 2520 865 2603 quod
887 2541 975 2584 nunc
1001 2526 1236 2587 convertuntur
1257 2523 1313 2587 isti

263 2624 400 2690 termini
427 2622 655 2710 propriissime.
710 2621 776 2686 Sed
799 2621 840 2686 de
863 2621 961 2684 modo
989 2621 1142 2706 loquendi
1172 2625 1313 2709 amplius

262 2746 413 2812 quaerere
448 2745 513 2789 non
548 2728 685 2809 oportet
724 2743 798 2787 cum
829 2722 1043 2787 certissimum
1080 2723 1124 2787 sit
1153 2724 1241 2808 quod
1270 2746 1312 2789 ex

262 2829 357 2893 nulla
376 2826 482 2913 figura
500 2824 729 2912 grammaticae,
744 2845 805 2889 neo
824 2845 865 2889 ex
881 2824 990 2908 aliquo
1004 2828 1101 2887 textu
1115 2845 1193 2889 vero
1213 2847 1313 2891 sacras

264 2929 444 3016 Scripturas
464 2926 613 3012 sequitur
631 2927 753 2991 veritas
776 2925 937 3012 opinionis
956 2924 1107 2990 maaca
1154 2925 1312 3005 Quamvis

263 3030 351 3095 enim
373 3031 410 3095 in
432 3029 602 3114 Scriptura
623 3048 777 3092 uumerus
798 3027 971 3113 singularis
996 3032 1138 3113 ponatur
1159 3048 1218 3112 pro
1240 3029 1311 3114 plu-

263 3133 333 3211 rali,
357 3137 392 3197 et
421 3151 440 3196 e
469 3150 632 3206 converso,
659 3129 745 3193 siout
775 3129 1017 3214 exemplificant
1042 3128 1248 3214 Augustinus
1277 3136 1312 3196 et

261 3233 321 3298 alii
358 3232 512 3306 doctores,
551 3252 594 3296 ex
627 3230 689 3295 hoc
719 3237 831 3295 tamen
864 3251 931 3295 non
960 3230 1108 3316 sequitur
1137 3232 1225 3316 quod
1261 3237 1311 3297 est

261 3335 431 3414 homines;
457 3353 517 3398 noc
547 3331 664 3397 Petrus
689 3353 763 3396 oum
797 3331 899 3396 Paulo
924 3337 1002 3397 sunt
1023 3333 1144 3397 homo:
1176 3333 1222 3397 sio
1250 3356 1310 3398 nec

212 3424 217 3434 Δ
260 3438 298 3501 in
322 3436 497 3523 proposito,
523 3434 602 3520 quia
624 3433 730 3520 figura
755 3435 929 3499 verborum
952 3435 1117 3499 modicum
1142 3438 1202 3500 aut
1225 3436 1309 3502 nihil

261 3539 342 3603 lacit
366 3538 409 3602 ad
431 3537 604 3602 veritatem
625 3556 735 3601 rerum
757 3556 814 3600 seu
836 3536 1056 3601 essentium.

307 3639 436 3705 Habita
459 3661 536 3725 ergo
562 3638 816 3703 consideratione
843 3638 921 3723 quid
947 3637 1069 3703 faciant
1097 3639 1307 3705 auctoritates
1320 3641 1424 3722 usurp

259 3743 338 3807 hinc
352 3743 429 3807 iude
442 3764 501 3828 pro
516 3748 627 3806 nostro
642 3740 815 3826 proposito,
827 3740 1024 3804 veniendum
1038 3745 1088 3805 est
1102 3741 1144 3804 ad
1159 3741 1306 3807 rationes
1320 3711 1460 3827 ififfffi,

258 3845 349 3910 Nam
368 3845 446 3929 quia
460 3844 618 3929 Magister
639 3863 731 3907 meus
752 3863 793 3906 ex
813 3841 987 3905 intuitione
1007 3842 1121 3906 divina
1141 3842 1308 3908 nitebatur
1320 3841 1432 3920 riueson

258 3947 398 4033 probare
420 3946 612 4031 positionem
636 3966 737 4019 suam,
762 3965 822 4030 ego
848 3965 866 4007 e
892 3947 1005 4009 contra
1033 3942 1094 4008 feci
1123 3944 1189 4010 tria
1211 3908 1463 4034 argui-2253?

260 4052 380 4124 menta,
405 4068 544 4132 quorum
566 4046 709 4132 primum
735 4051 806 4110 erat
827 4045 901 4110 tale.
1318 4041 1464 4091 ¹¹⁰W2⁰¹¹¹⁸

305 4150 332 4216 1.
365 4149 568 4238 Impossibile
598 4155 649 4217 est
679 4149 787 4215 Deum
816 4147 926 4234 aliqua
961 4147 1065 4235 magis
1090 4149 1238 4237 perfecto,
1271 4156 1306 4216 et
1317 4115 1466 4254 {ffiioe'

294 4510 301 4538 ¹
315 4508 384 4559 John
397 4507 449 4559 viii.
461 4512 501 4560 58.
839 4511 849 4540 ¹
862 4509 906 4575 48]
925 4513 965 4567 27,
977 4509 1032 4561 MS.

296 4589 306 4616 ²
316 4587 385 4638 John
397 4587 432 4638 iii.
447 4593 484 4637 18.
