3158 5490
281 706 346 770 504
674 719 852 772 srrmmx
874 721 919 772 or

281 907 328 972 ibi
365 907 546 972 accidentia
583 908 678 994 panis
707 908 886 976 materialis
916 908 964 975 ibi
994 909 1096 997 positi
1127 910 1201 977 sine
1230 910 1339 998 aliqua

191 1097 194 1101 ι
281 1007 425 1093 ejusdcm
449 1008 643 1075 substantia.

783 1149 830 1215 II.

325 1269 449 1337 Vinum
475 1270 512 1337 in
536 1272 634 1339 altori
663 1273 808 1360 positum
838 1274 1021 1342 ministerio
1049 1275 1233 1343 sacerdotis
1264 1297 1336 1343 con·

280 1376 479 1454 sacrandum,
518 1382 593 1463 post
635 1375 738 1442 verba
786 1378 1023 1444 consecratoria
1068 1400 1170 1466 super
1218 1379 1281 1446 boc
1315 1403 1335 1444 a

279 1479 445 1544 sacerdote
467 1481 596 1565 prolata
626 1501 692 1546 nou
725 1479 922 1561 sutrinum,
946 1481 1004 1547 sed
1032 1486 1084 1547 est
1106 1482 1334 1549 transubstan-

279 1580 409 1661 ciarum,
448 1588 482 1647 et
527 1582 862 1648 transubstantiatum
910 1581 947 1647 in
984 1605 1101 1649 verum
1138 1585 1333 1672 sanguinem

280 1682 405 1748 Christi
435 1705 494 1769 pro
524 1689 638 1750 nostra
666 1684 891 1772 redemptione
925 1684 1067 1751 effusum
1097 1686 1134 1751 in
1166 1709 1270 1764 cruca
1300 1693 1333 1753 et

278 1791 451 1851 remanent
480 1786 585 1852 solum
620 1787 803 1853 accidentia
832 1786 902 1852 vini
937 1786 1008 1853 sine
1041 1787 1157 1875 aliqua
1186 1789 1331 1876 ejusdem

278 1887 471 1953 substantia.

772 2028 840 2098 III.

322 2150 419 2233 Quod
443 2151 595 2221 omnibus
621 2154 910 2222 constitutionibus
940 2159 975 2221 et
1004 2155 1270 2222 ordinationibus
1298 2152 1332 2221 in

277 2249 435 2335 Decretis,
464 2257 697 2333 Deorctalibus,
724 2257 835 2337 Sexto,
861 2262 894 2322 et
921 2257 1139 2323 Clementinis
1169 2259 1331 2324 contentis

274 2362 407 2423 tenetur
444 2358 583 2445 quilibet
621 2359 816 2424 christianus
849 2358 986 2435 obedire,
1024 2360 1207 2426 secundum
1245 2359 1326 2447 quod

274 2457 407 2525 ecclesia
429 2460 579 2527 Romana
600 2461 709 2547 ipsum
731 2459 855 2548 obligat
877 2460 921 2526 ad
942 2459 1163 2527 obediendum
1186 2463 1314 2529 eisdem

766 2661 825 2731 IV.

320 2784 416 2870 Quod
448 2795 591 2877 quatuor
621 2787 749 2856 ordines
779 2791 919 2855 fratrum
956 2788 1219 2857 mendicantium
1257 2811 1327 2857 auc·

273 2893 408 2957 toritate
432 2891 589 2958 Rcmanae
619 2891 760 2958 ecclesiae
790 2898 825 2957 et
855 2893 896 2957 de
928 2888 1004 2976 jure
1033 2893 1218 2978 approbati,
1251 2900 1326 2958 suut

271 2989 375 3072 liciti,¹
393 2999 427 3059 et
450 2994 613 3059 meritorie
629 2995 702 3079 quia
725 2998 833 3080 potest
857 2993 1012 3080 aliqucm²
1036 2993 1168 3060 illorum
1191 2995 1324 3081 ingredi,

271 3102 305 3161 ct
327 3096 481 3182 profiteri,
505 3101 540 3161 et
561 3096 684 3162 ibidem
706 3097 746 3163 de
769 3096 880 3162 debito
902 3096 1071 3163 deservire

778 3284 816 3350 V.

317 3391 414 3481 Quod
436 3397 545 3467 nullus
567 3398 714 3468 sacerdos
746 3423 804 3467 nec
830 3396 914 3465 alius
948 3395 1046 3465 debet
1079 3393 1212 3485 publice
1245 3421 1324 3486 piac

270 3504 377 3568 dicare
407 3503 544 3569 verbum
575 3503 649 3581 Dei,
680 3504 745 3569 uisi
775 3499 922 3590 parochis
954 3506 988 3566 et
1024 3496 1170 3566 subditis
1194 3502 1271 3577 suis,
1298 3499 1325 3565 si

268 3606 330 3669 sibi
362 3628 439 3671 cura
468 3606 654 3671 animarum
684 3605 784 3671 fuerit
813 3626 870 3690 per
907 3602 1106 3689 superiorem
1144 3605 1323 3677 commissa,

267 3707 321 3771 vel
352 3707 448 3773 aliter
478 3708 521 3771 ad
549 3707 610 3772 hoc
639 3707 740 3772 fuerit
765 3705 948 3793 specialiter
970 3703 1159 3770 licentiatus
1178 3727 1239 3791 per
1263 3705 1321 3770 loci

267 3808 475 3886 ordinarium,
499 3809 553 3874 vel
578 3804 679 3873 olium
703 3808 761 3894 qui
784 3809 824 3874 de
845 3807 921 3894 jure
943 3805 986 3872 ad
1009 3805 1070 3872 hoc
1092 3811 1204 3892 posset
1227 3806 1324 3872 licen·

265 3906 347 3974 tiam
370 3911 447 3977 dare
469 3910 648 3996 specialem.
855 3962 859 3969 .

763 4035 822 4103 vl.

311 4153 520 4241 Quiscunque
543 4154 687 4241 aliquem
714 4153 861 4219 ordinem
888 4150 929 4217 de
951 4144 1111 4237 religiosis
1133 4151 1321 4218 mendican-

264 4255 354 4320 tibus
384 4257 571 4343 cpprobatis
600 4257 773 4343 ingressus,
805 4259 1097 4342 quantumcunque
1129 4253 1175 4318 sit
1207 4255 1320 4319 valens

295 4585 301 4615 ¹
315 4580 447 4650 approbati
457 4592 514 4636 aaut
524 4582 599 4653 licite]
627 4583 787 4705 cpprcbttisl
854 4579 988 4649 'aliquod
1006 4579 1125 4649 aliquam
1137 4577 1194 4630 ΜΒ,

259 4673 318 4715 aunt
329 4663 406 4728 licita,
424 4664 480 4716 MS.
783 4708 788 4723 ,
