3008 5490
404 699 446 768 62
711 709 892 761 rascrconr
912 706 1134 760 morou

400 905 478 963 ante
510 897 571 963 hoc
601 919 669 962 non
700 897 789 977 suit;
810 897 865 961 vel
889 917 976 961 nunc
1005 916 1073 960 non
1102 899 1160 971 eet,
1190 899 1226 958 et
1255 892 1440 959 immediate

399 1007 473 1086 post
495 1000 554 1064 hoc
576 1001 659 1079 erit;
682 1005 717 1064 et
737 1005 867 1064 constat
888 999 976 1083 quod
997 1002 1112 1062 neutro
1132 996 1229 1062 modo
1250 996 1441 1081 exponendo

398 1102 486 1188 capit
510 1102 705 1180 veritatem
741 1123 818 1186 ergo
839 1100 979 1165 tenendo
1000 1099 1083 1164 hanc
1104 1098 1287 1184 opinionem
1313 1102 1441 1182 oportet

398 1224 515 1288 negare
536 1224 723 1268 communes
745 1208 951 1288 exponentes,
974 1208 1009 1266 et
1030 1201 1076 1266 sic
1096 1200 1298 1264 introducere
1320 1220 1440 1264 novam

396 1304 541 1390 logicam,
568 1326 643 1369 cum
668 1312 780 1368 tamen
804 1305 942 1389 antiqua
966 1303 1046 1367 sads
1070 1299 1216 1378 sufficiat,
1243 1301 1271 1366 si
1300 1299 1440 1386 perfecte

396 1413 550 1471 servetur.
596 1406 735 1471 Videtur
751 1427 827 1492 ergo
848 1406 938 1482 mihi,
959 1405 1047 1489 quod
1067 1403 1129 1468 iste
1150 1403 1265 1468 modus
1285 1402 1439 1488 loquendi

396 1509 547 1594 quamvis
576 1509 621 1572 sic
651 1508 788 1583 subtilis,
822 1529 888 1572 non
916 1512 1027 1572 tamen
1055 1504 1237 1569 fructuosus
1265 1525 1325 1569 nec
1352 1525 1439 1569 com·

395 1611 541 1676 muniter
565 1611 792 1687 observandus,
817 1609 918 1673 immo
941 1629 1037 1692 quem
1063 1605 1193 1671 ecclesia
1217 1605 1349 1692 penitus
1371 1626 1438 1671 non

395 1713 566 1793 observat3
586 1713 736 1797 quamvis
753 1710 840 1774 enim
857 1710 977 1774 habeat
994 1709 1143 1794 frequens
1159 1729 1237 1772 usus
1253 1707 1291 1772 in
1306 1707 1439 1772 ecclesia

394 1813 500 1899 legere
528 1814 582 1878 vel
612 1819 749 1888 cantare,
784 1811 902 1878 Gloria
924 1809 1028 1877 Patri
1056 1808 1147 1874 aieret
1170 1814 1241 1874 aut
1264 1807 1308 1873 io
1332 1807 1438 1894 priu-

394 1914 487 1998 eipio
511 1922 540 1980 et
563 1936 661 1979 aune
687 1921 717 1979 ct
740 1934 877 1997 semper,
894 1934 960 1977 non
983 1913 1029 1976 sio
1051 1910 1208 1996 accipitur
1226 1911 1313 1995 quod
1334 1910 1438 1996 gloria

392 2037 480 2081 nune
509 2022 587 2092 erat,
614 2017 672 2079 sed
701 2016 736 2078 in
765 2015 923 2100 principio
957 2018 1035 2090 erat,
1065 2033 1152 2077 nunc
1174 2017 1232 2088 est,
1255 2017 1290 2077 et
1310 2032 1438 2098 semper

393 2116 463 2180 erit
509 2117 562 2179 Ibi
585 2116 672 2180 eninr
699 2116 774 2200 Ipse
796 2115 950 2180 laudatur
974 2116 1015 2179 de
1041 2136 1105 2200 quo
1126 2113 1254 2179 canitur
1272 2114 1309 2178 in
1330 2115 1438 2179 caeles-

393 2217 490 2293 tibus,
517 2216 582 2295 Qui
606 2222 676 2281 erat
699 2223 734 2280 et
760 2216 825 2296 Qui
850 2220 901 2281 est
924 2222 959 2281 et
980 2215 1045 2296 Qui
1068 2220 1227 2280 venturus
1249 2221 1321 2280 est:
1354 2216 1436 2281 Erat

391 2318 513 2382 scilicet
542 2317 737 2403 principium
766 2318 947 2394 creationis,
975 2324 1026 2382 est
1050 2318 1248 2403 gubernator
1275 2339 1332 2382 seu
1360 2339 1436 2382 eon-

391 2425 536 2485 servator
572 2420 740 2505 praesentis
785 2419 974 2496 durationis,
1013 2424 1047 2484 et
1087 2419 1149 2482 erit
1193 2418 1269 2484 finis
1314 2425 1434 2485 nostrae

391 2521 666 2587 remunerationis
713 2519 812 2585 Unde
837 2541 897 2586 nee
926 2542 1004 2586 mus
1033 2541 1092 2587 nec
1121 2521 1297 2587 auctoritas
1318 2521 1435 2607 probat

390 2624 478 2708 quod
504 2623 572 2688 baec
595 2623 713 2709 positio
734 2623 779 2687 sit
800 2643 887 2688 vera

436 2725 594 2791 Similiter
624 2727 659 2789 in
689 2725 924 2790 consecratione
961 2725 1062 2809 panis,
1094 2729 1128 2789 et
1156 2724 1327 2791 collatione
1356 2726 1434 2811 bap-

390 2827 488 2904 tismi,
519 2829 562 2893 ad
603 2827 826 2913 integritatem
865 2826 1057 2891 sacramenti
1095 2827 1306 2911 requiruntur
1334 2829 1433 2892 verba

390 2929 430 2992 de
469 2931 629 3014 prasenti,
665 2934 704 2993 ut
745 2930 815 3014 Ego
849 2928 980 3013 baptizo
1015 2933 1075 3007 te;
1122 2927 1195 2993 Hoc
1232 2935 1282 2994 est
1319 2951 1432 3016 corpus

389 3053 505 3095 meum.
551 3030 616 3095 Sed
639 3031 666 3093 si
690 3031 759 3116 ipsa
785 3029 902 3114 positio
927 3034 1010 3093 esset
1033 3049 1111 3093 vera
1132 3030 1292 3094 sufficeret
1319 3030 1430 3108 dicere,

389 3153 448 3215 ego
468 3130 657 3215 baptizabo¹
684 3137 735 3207 te3
771 3132 831 3195 hoc
862 3131 926 3194 fuit
952 3152 1066 3215 corpus
1099 3151 1213 3194 meum.
1267 3131 1355 3217 Ergo
1379 3131 1431 3196 vel

387 3233 505 3314 positio
535 3253 601 3294 non
632 3236 681 3294 est
710 3253 795 3307 vera,
827 3233 879 3296 vel
915 3231 981 3296 ista
1012 3232 1112 3296 verba
1148 3245 1226 3296 sunt
1262 3234 1429 3318 praesentis

386 3331 547 3414 temporis,
579 3351 641 3406 erc,
672 3330 853 3412 baptizabo,
886 3339 919 3396 et
945 3334 994 3397 ita
1019 3334 1059 3396 de
1084 3332 1265 3414 similibus;
1297 3336 1386 3419 quod
1412 3357 1432 3399 o

274 3431 276 3435 ’
385 3431 503 3514 regulis
527 3430 746 3514 grammaticae
769 3432 867 3496 nimis
891 3439 1042 3518 patenter
1066 3435 1236 3499 exorbitat.

440 3531 601 3596 Praeterea
624 3536 765 3614 ponatur
788 3535 875 3617 quod
900 3536 1018 3619 aliquis
1043 3542 1210 3601 accusatus
1236 3537 1289 3601 vel
1314 3539 1429 3603 saltem

384 3633 572 3698 diffamatus
597 3632 636 3696 de
661 3633 794 3697 crimine
824 3636 961 3699 notabili
986 3645 1104 3723 purgat
1127 3659 1161 3702 se
1185 3659 1291 3701 coram
1317 3640 1429 3723 judice

379 3735 521 3819 jurando
557 3734 597 3797 de
632 3732 775 3799 fraleitate
812 3737 955 3801 criminis
993 3739 1119 3822 objecti,
1158 3741 1318 3824 numquid
1355 3747 1429 3827 post

382 3841 511 3919 tempus
541 3835 683 3919 elapsum
714 3837 741 3898 si
771 3837 876 3901 simile
906 3839 1027 3902 crimen
1057 3841 1248 3918 committat,
1280 3849 1330 3906 est
1360 3844 1428 3928 ipse

381 3936 556 4022 perjurus?
601 3937 696 4015 Quod
732 3939 777 4002 sic
815 3940 970 4023 probatur
1007 3962 1064 4025 per
1101 3942 1310 4027 opinionem
1350 3946 1427 4027 quia

377 4039 504 4122 juravit
526 4059 560 4101 se
583 4060 750 4122 nunquam
778 4040 842 4103 tale
864 4041 1066 4117 commisisse,
1096 4048 1129 4105 et
1151 4064 1208 4127 per
1229 4065 1426 4128 consequens

382 4161 549 4222 nunquam
580 4162 647 4204 esse
676 4142 941 4224 cmmnissurum3
974 4144 1052 4227 quia
1077 4143 1161 4208 sicut
1190 4145 1218 4207 si
1248 4147 1424 4211 committit

380 4241 549 4319 commisit,
584 4248 622 4306 ut
653 4244 733 4308 dicit
763 4244 888 4330 positio.
935 4245 1129 4330 Oppositum
1160 4250 1270 4310 tomen
1296 4247 1424 4332 judicat

722 4614 728 4642 ¹
742 4610 883 4677 baptizabo]
903 4614 1006 4677 baptiso,
1018 4614 1072 4665 MS.
