3158 5490
300 618 367 683 454
703 631 882 682 sensnum
906 630 957 681 or

300 820 341 884 de
380 817 532 882 libertate
566 815 705 894 arbitrii,
739 816 780 881 de
816 817 1031 895 necessitate,
1079 825 1121 885 et
1160 816 1367 905 contingmt'n

299 920 493 995 futuronun,
517 924 552 983 et
572 919 770 983 sustinemus
785 917 996 1003 Scriptum-m
1018 942 1165 985 sacram
1189 943 1262 986 esse
1275 939 1367 984 verm

301 1021 340 1085 de
358 1021 393 1084 vi
415 1020 579 1096 sermonis,
604 1025 718 1085 contra
738 1040 908 1107 pomposas
929 1023 1101 1106 argutias
1125 1023 1352 1110 sophistarum

346 1121 540 1207 Quicunque
571 1142 647 1208 ergo
670 1120 831 1207 diruperit
852 1120 1001 1207 aliquem
1033 1121 1174 1190 horum
1199 1124 1304 1190 trium
1328 1121 1368 1186 ni

300 1223 423 1299 dorum,
455 1221 632 1308 injuriatur
669 1223 792 1288 nedum
818 1221 908 1299 mihi,
941 1223 1004 1288 sed
1044 1225 1250 1313 cuicunque
1283 1244 1366 1290 m

299 1325 427 1410 paginae
443 1325 623 1410 professori,
640 1324 718 1411 quia
741 1323 875 1389 indubie
898 1323 926 1388 si
949 1324 1083 1410 aliquis
1109 1328 1261 1392 istorum
1277 1326 1364 1391 trium

298 1427 451 1492 nidorum
481 1427 632 1513 diruptus
669 1426 777 1503 suerit,
817 1446 1021 1510 consequens
1060 1432 1122 1494 ost
1170 1429 1364 1515 Scriptmun

298 1549 421 1594 sacram
444 1550 511 1593 esse
534 1528 739 1593 falsissimam
754 1527 794 1593 de
820 1526 856 1593 vi
875 1527 982 1593 vocis.

130 1642 256 1695 Aulhree
344 1632 469 1697 Doctor
492 1636 604 1696 tamen
626 1652 718 1695 meus
741 1630 936 1696 reverendus
959 1629 1067 1696 frater
1094 1630 1133 1697 J.
1152 1631 1361 1720 Kylyngbom

128 1712 620 1843 n
650 1728 1362 1821 “n

296 1936 512 2020 impugnandi
552 1935 609 2001 sed
641 1936 842 2001 exercitandi
880 1935 997 2022 gratia,
1032 1934 1154 2021 jacula
1187 1944 1356 2025 pensata:

295 2036 372 2101 talis
395 2037 483 2101 enim
507 2059 618 2124 pugna
639 2037 812 2102 verborum
844 2058 911 2101 uon
933 2037 1123 2119 verberum,
1156 2062 1276 2106 sensus
1298 2060 1355 2105 non

295 2137 408 2215 literae,
440 2139 483 2203 ad
513 2138 720 2204 solidandum
749 2138 935 2204 concordias
967 2160 1035 2204 uon
1059 2140 1106 2206 ad
1128 2142 1354 2207 semimmdnm

296 2239 478 2315 discordias,
511 2240 603 2305 decet
632 2241 667 2304 in
704 2240 792 2327 pacis
821 2246 966 2327 tempom
997 2238 1041 2305 ad
1078 2242 1224 2309 modum
1254 2248 1354 2310 torna·

295 2343 399 2407 menti
423 2341 601 2429 spiritualis
624 2341 721 2426 hujus
742 2342 870 2428 paginae
892 2340 1095 2428 professores

130 2437 240 2502 ngainst
343 2444 486 2510 Inteudo
517 2466 594 2530 ergo
624 2443 722 2508 hodie
752 2444 947 2531 respondere
976 2442 1021 2509 ad
1057 2453 1353 2533 argumentoque

129 2505 241 2635 qqqnqqst
252 2504 284 2554 he
296 2547 373 2612 fecit
403 2548 446 2612 ad
476 2546 736 2632 impugnandum
773 2546 917 2632 primum
952 2545 1068 2611 nidum
1079 2571 1090 2627 ;
1131 2570 1210 2634 quae
1250 2548 1352 2616 omnis

128 2639 234 2753 tqirteen
250 2714 273 2757 ω
298 2654 376 2714 sunt
399 2649 564 2713 tredecim.

127 2721 252 2845 {iffi}
275 2744 281 2757 ⁸
342 2749 371 2814 Ι.
396 2748 441 2814 Et
461 2750 566 2836 primo
590 2747 774 2836 suspicatur
795 2770 848 2814 me
864 2750 948 2816 velle
968 2748 1075 2816 dicere
1097 2750 1192 2836 quod
1214 2750 1351 2838 antiqui.

296 2857 349 2916 tas
371 2856 421 2916 est
447 2873 544 2917 causa
567 2852 718 2917 veritatis
745 2851 931 2938 Scripturas
977 2851 1075 2933 Quod
1093 2854 1246 2921 conoedo.
1303 2852 1350 2919 Nc

297 2958 411 3018 tamen
441 2953 625 3019 laboremus
655 2953 691 3016 in
721 2953 905 3039 aequivocis,
933 2953 1013 3030 dico,
1045 2952 1249 3040 antiquitas¹
1274 2955 1350 3020 acci·

296 3056 388 3142 pitur
419 3055 462 3119 ad
484 3056 619 3119 modum
650 3054 805 3140 loquendi
836 3053 1029 3140 Scriptnrae'
1058 3059 1094 3120 et
1118 3054 1157 3120 B.
1182 3051 1350 3142 Dionysii⁸

296 3179 355 3242 pro
386 3157 571 3222 aeternitate
603 3155 674 3233 Dei,
707 3161 741 3220 et
771 3156 948 3241 aliquando
977 3156 1138 3242 accipitur
1170 3179 1232 3244 pro
1253 3160 1350 3233 senio,

296 3263 471 3334 vetustate,
495 3259 549 3323 vel
580 3259 816 3322 veterascentia
846 3280 954 3322 rerum
979 3258 1115 3322 entium.
1163 3257 1278 3324 Prima
1296 3280 1350 3323 an·

296 3360 436 3444 tiquitus
474 3366 524 3424 est
557 3381 653 3424 causa
683 3380 783 3444 quare
822 3360 992 3445 Scriptura
1021 3381 1113 3424 sacra
1150 3365 1205 3425 est
1235 3361 1350 3426 insolu-

297 3461 409 3525 biliter
432 3483 511 3526 vcra
541 3461 642 3526 dcvi
673 3461 839 3538 sermonis,
866 3461 1044 3526 secimdum
1072 3461 1259 3546 quamlibet
1284 3462 1350 3549 ejus

297 3568 442 3648 purtcm3
481 3564 624 3628 secunda
661 3568 772 3627 autem
811 3563 994 3648 antiquitas
1032 3568 1084 3627 est
1125 3563 1190 3628 sibi
1237 3564 1350 3651 imper

297 3664 428 3744 tinens3
474 3671 508 3730 et
544 3664 591 3730 sic
629 3687 695 3730 non
733 3664 975 3750 aequivocamns
1019 3687 1079 3751 per
1122 3672 1348 3752 reportatam

298 3766 385 3845 Quia
416 3766 540 3832 dictum
573 3758 626 3831 est
647 3766 729 3831 mihi
760 3766 848 3852 quod
880 3766 1002 3832 Doctor
1033 3789 1125 3832 meus
1156 3766 1350 3834 reverendus

297 3869 383 3933 dixit
407 3869 594 3954 opinionem
618 3868 658 3934 de
683 3866 925 3934 universalibus
951 3890 990 3933 eo
1014 3867 1180 3935 salsiorem
1203 3891 1350 3957 essequo

294 3971 533 4056 antiquiorem;
574 3993 634 4057 ego
670 3977 781 4036 autem
819 3993 887 4035 non
924 3968 1041 4036 dubito
1079 3972 1350 4059 reduplicativam

292 4059 669 4160 istam,intelligentem⁴
692 4073 732 4138 de
758 4072 912 4159 opinione
944 4073 1144 4139 venerabilis
1175 4065 1348 4142 Anselmi⁸

325 4334 491 4400 ἀνιεὲφιὶωε]
506 4334 646 4398 auctoritas,
661 4335 719 4385 MS.
877 4334 885 4365 ⁴
898 4333 1074 4401 inlelliqeatcm]
1088 4324 1200 4396 inlellioe,
1207 4334 1266 4390 MS.
1291 4336 1352 4389 Per·

325 4415 411 4466 ²Dan.
424 4415 468 4465 vii.
481 4421 503 4465 9.
843 4414 905 4479 haps
917 4415 985 4465 there
996 4413 1155 4467 inmemor.

323 4488 451 4560 'Dionys
466 4492 497 4544 de
514 4491 615 4544 Divinis
626 4491 784 4558 Nominibus,
875 4495 1012 4557 'Ansclm
1025 4488 1203 4562 Monologion,
1214 4496 1319 4565 masin.

290 4585 344 4635 cap.
360 4577 398 4622 10.
