3008 5490
530 731 711 785 erroreum
732 732 959 785 marmoren.
1225 721 1268 784 49

276 920 336 987 Sed
373 920 452 987 dieit
489 920 647 1007 Magister
676 922 766 1006 quod
801 921 908 1008 glossa
942 919 1011 986 sua¹
1041 922 1189 1007 seqnitur
1225 943 1268 987 ex
1280 926 1423 993 Hereplies

240 1023 392 1109 Sniptnra
412 1044 511 1102 saera,
531 1044 597 1089 non
619 1026 731 1088 autem
753 1045 833 1088 mea
879 1022 977 1088 Unde
999 1024 1043 1088 ad
1063 1024 1267 1140 probandum
1280 993 1404 1124 ειξὲὴὲἒ,

237 1147 316 1190 snam
343 1124 389 1189 sie
418 1125 590 1211 arguit‘
593 1123 747 1190 ‘Natura
775 1125 921 1189 humana
947 1127 1027 1190 est
1018 1148 1054 1190 1n
1075 1127 1181 1212 primo
1210 1149 1313 1241 parSc
1280 1126 1418 1176 lowrfrom

237 1234 365 1301 &rente
397 1231 433 1293 et
453 1232 526 1292 tota
554 1227 642 1292 linea
667 1227 863 1293 naturaliter
886 1229 928 1292 ab
951 1248 990 1292 eo
1013 1234 1192 1314 propagata
1218 1235 1269 1293 est
1281 1191 1436 1313 „ssffine

237 1330 390 1408 “vitiata,
424 1333 459 1393 et
488 1328 592 1393 Amos
627 1334 677 1395 est
708 1329 886 1414 propheta3
920 1350 997 1415 ergo
1030 1352 1096 1395 non
1130 1334 1181 1397 est
1210 1352 1268 1418 per
1280 1326 1339 1375 ‘¹⁰⁰⁸
1349 1332 1400 1377 ²¹⁰¹

236 1440 301 1495 ‘se
320 1452 361 1495 ex
381 1430 487 1516 speeie
508 1429 564 1496 vel
585 1451 703 1515 genere
726 1429 912 1517 propheta.''

273 1530 382 1597 Sed
356 1555 384 1599 sr
406 1531 638 1617 responderem
664 1533 706 1595 ad
735 1531 826 1597 istud
853 1538 1092 1618 argumentum,
1115 1546 1422 1625 negaremlrepryby

236 1633 413 1699 anteeedens
437 1655 499 1719 pro
525 1633 672 1718 qualibet
697 1633 748 1698 sui
770 1637 865 1719 parte
891 1634 1084 1719 principali;
1107 1635 1184 1718 quia
1210 1612 1392 1742 neegssfflyhss

236 1739 344 1801 natura
370 1735 516 1799 humana
541 1734 631 1799 est
622 1757 657 1798 m
683 1735 788 1820 primo
815 1741 959 1821 parente,
991 1757 1052 1800 nec
1082 1741 1154 1800 tota
1183 1736 1409 1801 lineasatement

235 1837 414 1904 naturaliter
437 1837 481 1901 ab
508 1858 547 1901 eo
570 1842 750 1921 propagata
774 1841 898 1901 estt
849 1837 882 1902 vi
884 1837 976 1916 tiata,
1003 1859 1062 1902 nee
1088 1836 1191 1902 Amos
1220 1845 1270 1902 est
1281 1810 1359 1927 tene:
1369 1825 1424 1860 ⁸⁰¹¹

234 1939 389 2025 propheta,
418 1959 480 2002 nee
509 1938 641 2022 aliquod
678 1937 816 2002 istorum
855 1937 955 2003 habet
994 1939 1193 2004 evidentiam
1227 1962 1269 2007 ex

234 2040 390 2127 Scriptura
413 2061 512 2115 saera,
536 2040 579 2104 nd
602 2061 732 2104 sensum
757 2040 792 2103 in
815 2060 880 2124 quo
903 2040 1005 2125 accipi
1029 2041 1177 2120 debet;
1168 2063 1269 2107 nnmo

233 2142 301 2207 dato
340 2142 430 2227 quod
466 2146 575 2207 totum
613 2141 674 2205 hoo
707 2145 791 2206 esset
826 2162 950 2216 verum,
987 2147 1021 2206 et
1051 2165 1188 2228 sequens
1225 2166 1268 2209 ex

232 2243 398 2330 Striptura,
424 2265 485 2328 per
503 2242 566 2306 hoe
591 2264 659 2306 non
678 2243 872 2327 probaretur
893 2243 980 2328 quod
1001 2243 1071 2308 haee
1092 2245 1158 2310 est²
1180 2251 1268 2311 reeta

232 2345 317 2429 glosa
361 2345 418 2409 Ad
442 2344 503 2409 hoe
524 2365 665 2429 namque
689 2343 776 2406 fiunt
798 2344 913 2428 glossae
935 2348 974 2407 ut
998 2367 1111 2411 verum
1138 2370 1268 2412 sensum

231 2454 333 2512 textus
353 2450 532 2532 exponant,
547 2467 622 2509 cum
644 2445 827 2508 intentione
850 2444 1027 2521 scribentis,
1043 2448 1097 2512 vel
1117 2450 1267 2523 aratoria,

230 2571 280 2613 seu
315 2548 516 2636 proferentia
564 2546 645 2625 Quis
678 2552 789 2610 autem
827 2546 970 2611 crederet
1006 2548 1108 2613 Amos
1138 2551 1266 2624 dixisse,

229 2652 301 2715 aba
330 2671 410 2715 anm
438 2646 613 2734 propheta,
643 2648 683 2712 ad
709 2648 809 2711 istum
843 2669 993 2726 sensum3
1018 2670 1084 2712 non
1115 2673 1187 2713 sum
1211 2672 1268 2733 per

228 2753 286 2817 rne³
315 2751 475 2838 propheta
500 2772 543 2814 ex
568 2749 673 2834 speeie
702 2749 753 2812 vel
780 2751 921 2833 genere?
967 2749 1072 2812 Nemo
1099 2751 1187 2813 enim
1209 2750 1269 2814 hoc

227 2854 454 2940 mspieabatur,
478 2852 578 2915 immo
601 2872 659 2914 nee
688 2850 756 2935 ipse
782 2850 931 2914 Amasias
961 2870 1034 2913 cunr
1066 2849 1127 2914 sibi
1159 2851 1269 2936 loque-

227 2955 326 3034 batur,
342 2976 417 3020 eum
439 2954 545 3017 sciant
566 2973 677 3016 omnes
697 2957 766 3016 tam
790 2949 935 3015 Gentiles
959 2972 1057 3033 quarn
1080 2950 1198 3031 dadai,
1215 2954 1269 3017 vel

229 3056 399 3122 Christ-iani
445 3055 533 3139 quod
577 3054 699 3116 donum
738 3053 919 3138 prophetiae
956 3075 1022 3115 non
1061 3055 1270 3137 consequitur

227 3170 372 3223 naturam
398 3157 540 3220 hominis
562 3177 619 3239 per
641 3176 695 3231 se3
726 3155 782 3218 sed
809 3155 887 3237 quia
917 3155 1093 3239 praedictus
1120 3155 1269 3219 Aniasias

225 3260 376 3346 pneeepit
404 3256 508 3323 Aures
538 3262 576 3319 ut
605 3256 641 3319 in
671 3261 791 3330 terram
818 3256 983 3340 propriam
1005 3257 1134 3336 rediret,
1167 3262 1200 3323 et
1224 3259 1270 3321 ibi

226 3359 446 3448 prophetando
474 3358 600 3421 vietum
631 3357 828 3433 conveniret,
853 3358 1025 3442 respondet
1059 3358 1164 3437 Amos,
1189 3360 1270 3425 Νυη

225 3485 298 3529 erar
333 3459 509 3548 prophete,
549 3480 607 3523 aee
644 3457 749 3541 filias
783 3457 974 3541 propheten:
1007 3461 1099 3542 quasi
1139 3462 1267 3537 diceret,

224 3565 296 3630 Non
325 3570 377 3628 est
402 3564 439 3625 in
464 3560 615 3624 libertate
642 3581 723 3631 mea,
755 3558 808 3622 vel
835 3557 895 3636 hie,
925 3559 978 3622 vel
1002 3560 1048 3623 ibi
1075 3562 1270 3645 prophetare

224 3689 293 3731 eum
323 3665 468 3735 voluere,
502 3683 576 3725 eum
598 3662 642 3724 sit
673 3659 844 3744 prophetia
882 3660 1017 3744 speciale
1048 3662 1170 3724 donum
1197 3662 1269 3741 Dei,

224 3791 284 3833 non
318 3764 516 3831 deseendens
545 3785 565 3825 a
595 3761 806 3846 parentibus3
843 3760 878 3822 ia
917 3761 1009 3844 enjus
1044 3763 1173 3846 signum
1211 3762 1271 3826 hae

160 3893 163 3897 ’
224 3872 289 3935 viee
313 3870 407 3933 deest
437 3864 519 3928 mihi
549 3863 683 3949 spiritns
713 3861 899 3946 prophetiae,
932 3868 965 3925 et
1001 3863 1073 3926 ideo
1103 3886 1168 3927 non
1199 3887 1271 3929 sum

224 3972 388 4058 propheta.
438 3966 549 4031 Unam
576 3986 653 4048 ergo
680 3967 807 4047 partem
837 3964 931 4026 istius
962 3964 1079 4048 aeeipit
1104 3965 1269 4050 Magister,

225 4084 256 4137 et
286 4069 485 4158 quibusdam
515 4065 662 4129 terminis
698 4064 853 4148 appositis
882 4063 960 4127 facit
993 4065 1132 4148 glossam
1169 4089 1270 4142 suam,

225 4175 303 4238 illud
326 4168 524 4236 dimittendo
551 4188 678 4249 exque
703 4166 850 4249 sequitur
874 4171 994 4239 textus,
1019 4167 1103 4229 sieut
1123 4173 1215 4252 patet
1238 4170 1272 4230 in

226 4275 381 4362 exemplo,
427 4270 514 4335 Nam
536 4268 607 4333 hren
629 4269 734 4353 glossa
755 4288 853 4352 quam
874 4266 1032 4351 Magister
1050 4268 1193 4353 assignat
1213 4290 1272 4353 pro

562 4435 613 4444 ..-

258 4555 266 4584 ¹
278 4552 337 4616 rua]
357 4564 420 4607 mea,
433 4548 489 4598 MS.
808 4541 874 4606 Ἢ]
889 4555 921 4599 se,
934 4543 988 4594 MS.

258 4631 326 4695 ἐπί]
345 4645 396 4680 non
408 4636 455 4686 est,
467 4626 524 4677 MS.
