3008 5490
536 751 717 806 msmccu
740 749 964 805 aasumensi
1212 734 1277 802 41³

224 934 295 1007 Dei
317 939 426 1027 gratia
450 962 559 1028 regem
588 941 717 1028 Angliae
738 947 772 1007 et
798 940 944 1008 ancise
968 940 1129 1007 illustrem
1155 939 1279 1006 moder
1292 957 1365 1008 k
1328 957 1439 1024 οιιεᾱςε

224 1062 318 1120 num,
345 1048 506 1129 tanquam
536 1049 650 1110 contra
679 1043 869 1111 haereticum
899 1042 1111 1130 infligendam
1138 1042 1194 1109 via
1219 1023 1438 1157 miltefdlhs

223 1143 376 1235 possibili
415 1147 548 1224 evitare,
580 1168 618 1212 ac
653 1145 866 1213 nilulominus
901 1146 1099 1213 sententiam
1136 1151 1170 1211 st
1208 1146 1278 1212 doc·
1292 1158 1369 1226 papo
1379 1172 1429 1223 see,

224 1246 351 1315 trinam
389 1270 488 1315 sacius
527 1249 691 1326 Romanas,
731 1255 766 1316 et
802 1248 995 1315 univemalis
1033 1247 1173 1315 ecclesiae
1213 1248 1281 1335 opi-

191 1348 383 1419 ·uionibus
412 1351 493 1416 meis
523 1357 558 1418 et
587 1374 734 1418 meorum
763 1352 949 1438 sequacium
979 1352 1161 1431 anteierr03
1191 1373 1280 1438 pure,

224 1457 352 1543 sponte,
379 1452 564 1530 deliberate,
593 1459 628 1519 et
657 1454 804 1520 absolute
834 1455 914 1533 dieo,
940 1475 1054 1532 assero,
1083 1459 1117 1520 et
1147 1452 1279 1530 affirmo,

223 1554 448 1622 sanctissimos
477 1557 513 1622 in
544 1555 675 1623 Christo
708 1562 818 1644 patres
848 1556 884 1621 B.
916 1556 1050 1622 Petrum
1088 1555 1279 1642 apostolum,

225 1678 489 1745 montmoresque
526 1681 602 1725 suos
640 1659 803 1725 Romanos
840 1659 1016 1745 pontifices,
1049 1658 1281 1744 dominumque

225 1757 417 1827 Jobsnnem
449 1761 513 1828 Dei
545 1762 653 1848 gratia
690 1784 808 1848 papam
840 1760 974 1826 XXIII.
1008 1760 1208 1838 modoinum,
1248 1766 1282 1826 et

224 1861 374 1951 ipsorum
411 1862 600 1951 quemlibet,
633 1864 708 1930 sede
737 1863 840 1949 plena,
872 1864 939 1929 suis
976 1862 1163 1928 successivis
1200 1866 1282 1927 tem-
1378 1881 1381 1884 ·

224 1963 362 2055 poribus
388 1966 547 2031 vicarium
579 1965 703 2032 Christi
728 1967 764 2031 in
794 1965 896 2042 tenis
920 1986 958 2030 ac
981 1970 1080 2050 caput
1109 1964 1283 2030 militantis

226 2066 393 2147 nussim
417 2068 568 2154 quodque
588 2068 715 2133 ratione
735 2069 787 2133 sui
809 2073 923 2143 status,
940 2068 1003 2133 etsi
1017 2073 1166 2154 peccator
1183 2066 1283 2133 finerit

225 2174 264 2239 ot
279 2169 459 2257 praescitus,
479 2170 580 2236 habet
602 2170 773 2246 licentiam,
790 2175 987 2256 potestatem
1009 2170 1151 2257 regendi,
1167 2169 1284 2258 guber·

224 2272 341 2349 nandi,
364 2272 498 2359 ligandi,
520 2277 620 2358 atque
641 2272 789 2338 solvendi
810 2294 922 2338 omnes
943 2272 1026 2339 alios
1046 2272 1245 2339 ch1istianos

273 2372 321 2441 Et
342 2373 552 2440 conformiter
569 2395 681 2440 omnes
702 2379 737 2439 et
758 2375 902 2461 singulos
924 2375 1183 2462 archiepiscopos,
1200 2375 1338 2488 ψη
1296 2369 1387 2487 ’ψ
1394 2370 1429 2422 ⁸¹¹

223 2496 333 2564 oopus,
361 2483 549 2562 ceterosque
580 2477 770 2563 praelatos
761 2499 796 2541 m
825 2437 1405 2569 pmvinciis,dioecesibusetb1.h09.

224 2576 308 2645 locis
337 2578 403 2644 sibi
432 2600 491 2666 per
521 2579 707 2644 Romanum
736 2577 943 2666 pontificem,¹
968 2581 1005 2644 in
1030 2578 1122 2664 cujus
1144 2567 1429 2687 mmmdooll'er

224 2680 448 2747 solicitudinis
484 2686 564 2746 sunt
605 2681 722 2757 vocati,
762 2681 927 2747 decretum
957 2681 1115 2758 habuisse,
1156 2681 1282 2758 habere,
1296 2700 1430 2765 prelatas
1423 2716 1449 2751 m

228 2788 268 2848 et
314 2781 436 2849 habere
485 2783 602 2847 debere
649 2782 825 2857 licentiam,
884 2788 1082 2870 potestatem
1140 2783 1338 2900 regendirj
1295 2767 1398 2819 theim
1339 2782 1443 2901 legul·

225 2878 447 2972 gubernandi,
485 2884 642 2957 solvendi,
678 2891 778 2970 atque
807 2885 933 2971 ligandi
967 2885 1116 2950 subditos
1152 2886 1284 2972 provin·
1443 2870 1451 2896 ’

225 2987 356 3053 ciarum
395 2987 591 3063 dioecesiunu
625 2992 659 3052 et
687 2986 829 3052 locorum
861 2987 1100 3073 praedictorum,
1134 2988 1284 3074 idemque

225 3088 359 3154 subditi
407 3089 529 3154 eisdem
576 3090 727 3154 canonice
776 3090 928 3155 obedire:
984 3091 1136 3175 quodque
1185 3091 1282 3155 iidem

227 3191 432 3257 motissimi
470 3197 580 3277 patres
610 3191 760 3256 dominus
790 3198 901 3257 noster
924 3214 1017 3278 papa,
1044 3192 1282 3279 archiepiscopi,

226 3298 265 3359 et
294 3294 439 3379 episcopi
469 3292 662 3370 habuerunt,
690 3292 823 3373 habent,
849 3299 883 3358 et
909 3294 1028 3359 habere
1057 3294 1186 3371 debent,
1213 3295 1286 3380 qui·

224 3395 314 3461 libet
336 3395 469 3459 illorum
489 3395 558 3458 suis
584 3395 784 3481 temporibus
805 3397 1001 3472 successivis,
1025 3393 1151 3475 habuit,
1176 3396 1284 3474 habet,

225 3502 265 3562 et
305 3496 427 3561 habere
474 3496 571 3560 debet
617 3497 789 3571 licentiam,
839 3502 1036 3583 potestatem
1080 3520 1139 3584 pro
1184 3505 1284 3577 statu,

224 3599 392 3685 regimine
426 3605 461 3663 et
490 3598 726 3684 gubernatione
753 3598 893 3664 ecclesiae
924 3605 959 3665 et
982 3600 1096 3686 populi
1120 3600 1285 3667 informa

223 3701 390 3789 predicta
426 3700 490 3764 sibi
529 3698 687 3784 subjecti;
724 3699 820 3785 leges,
858 3722 1006 3782 canones,
1040 3709 1176 3779 statuta,
1215 3706 1285 3771 sive

226 3803 487 3882 constitutiones
535 3800 703 3874 condendi,
752 3802 979 3888 promulgandi
1017 3809 1052 3869 et
1088 3805 1286 3891 publicandi

229 3905 326 3986 Quas
356 3904 493 3991 quidem
522 3903 617 3988 leges.
642 3924 788 3978 conones,
813 3909 949 3982 statuta,
974 3911 1009 3970 et
1038 3909 1288 3974 constitutiones

227 4009 297 4072 rite
337 4007 454 4081 editas,
485 4011 520 4069 et
555 4002 746 4090 publicatas,
784 4027 896 4070 omnes
932 4013 967 4072 et
1003 4009 1125 4094 singuli
1161 4009 1287 4075 subditi

226 4108 384 4198 psaedieti
417 4108 519 4196 juxta
558 4104 750 4172 diuisionem
798 4114 1000 4193 potestatum
1048 4111 1286 4197 praedictarum

265 4515 1214 4646 =wupafi01nassapudveaesammsn
1198 4537 1289 4590 «φ,

226 4600 469 4668 „uma
522 4597 1146 4744 ιιι«ιοωιιιιιἰιιιῖιωιῃωεἰπε
