3158 5490
29 1850 32 1855 ¹
141 1795 218 1845 doubt
228 1797 297 1847 thoro
313 1817 319 1831 ·

314 704 379 767 348
619 715 799 767 rascrcum
822 715 1049 769 zrzaaroauu.

312 901 420 965 fuerat
443 900 625 986 requisitus,
643 906 805 986 quatenus
835 903 944 967 totum
970 920 1156 986 processum
1181 905 1217 964 ct
1244 898 1373 965 factum

312 1008 425 1066 contra
447 1002 639 1088 praedictum
657 1002 793 1068 fratrem
816 1002 997 1069 Henricum
1021 1000 1222 1067 monachum
1245 1000 1371 1067 ibidem

311 1104 474 1182 habitum,
513 1125 637 1170 necnon
675 1111 710 1171 et
756 1127 867 1170 omnes
911 1105 1139 1180 conclusiones,
1185 1108 1260 1169 tam
1306 1102 1367 1168 sibi

311 1205 454 1290 objectas
484 1212 519 1271 et
548 1207 590 1271 ab
621 1229 658 1272 eo
688 1212 830 1294 negatas,
870 1228 969 1292 quam
1011 1206 1113 1271 etiam
1142 1203 1368 1271 conclusiones

310 1307 352 1371 ab
384 1309 496 1373 eodem
534 1330 698 1374 concessas
729 1314 764 1374 et
800 1307 962 1395 prelatas,
980 1329 1068 1373 cum
1106 1307 1265 1373 omnibus
1295 1305 1367 1372 aliis

311 1409 564 1476 circumstantiis
610 1411 720 1476 debite
758 1415 793 1475 et
832 1409 973 1496 juridice
1009 1408 1206 1496 requisitis,
1229 1408 1269 1474 in
1307 1429 1366 1473 suo

310 1513 447 1599 registro
477 1512 625 1589 inserere,
657 1513 710 1578 vel
740 1512 840 1578 irrseri
869 1512 974 1578 facere
1004 1512 1204 1599 dignaretur.
1268 1509 1366 1592 Quod

311 1617 345 1678 et
367 1637 401 1680 se
423 1616 587 1680 facturum
610 1614 675 1681 fide
697 1614 806 1680 media
827 1614 1019 1702 repromisit.

142 1727 287 1780 &thuano
357 1716 464 1797 Quare
503 1739 562 1803 ego
599 1715 701 1781 frater
737 1715 761 1780 J
763 1715 906 1782 ohannes
944 1715 1121 1802 Langtone,
1156 1712 1361 1781 baomlarim

142 1858 242 1912 uthere
254 1879 269 1913 a
310 1840 345 1880 111
372 1819 543 1904 theologia,
572 1817 694 1885 ordinis
721 1817 980 1895 Carmelitarum,
1006 1815 1077 1884 haec
1108 1816 1222 1883 omnia
1244 1817 1362 1882 videns

141 1926 267 1979 fullerus-
310 1925 344 1983 et
374 1920 517 1997 audiens,
549 1942 588 1985 eo
618 1919 706 2004 quod
743 1919 995 2006 praesentialiter
1024 1918 1167 1994 interfui,
1203 1919 1245 1985 de
1275 1917 1364 1984 tanti

140 1995 289 2108 {Quum
308 2021 413 2105 patris
462 2021 674 2106 promissione
721 2021 868 2096 confisus,
908 2020 999 2084 illam
1046 2020 1231 2085 clausulam
1268 2042 1362 2107 supe·

309 2121 378 2185 rius
408 2128 629 2199 memoratam,
646 2122 744 2188 istam
768 2121 897 2199 scilicet,
920 2126 1019 2207 prout
1048 2121 1085 2187 in
1113 2122 1256 2208 registro
1278 2121 1362 2206 ejus

311 2222 386 2287 dem
428 2222 659 2310 archiepiscopi
705 2224 833 2311 plenius
879 2223 1074 2300 continetur,
1115 2222 1153 2287 in
1197 2222 1361 2310 principio

308 2323 406 2410 hujus
448 2332 540 2391 actus
570 2325 724 2391 audacter
753 2324 896 2392 inserui:
943 2325 1021 2411 quia
1059 2323 1251 2390 indubiesi
1281 2325 1360 2390 fidas

307 2426 414 2492 locum
440 2426 559 2492 habeat
585 2426 621 2492 in
649 2427 807 2514 praedicta
837 2426 1056 2514 promissione,
1085 2425 1173 2512 quod
1198 2427 1241 2492 de
1267 2431 1361 2493 tanto

308 2528 441 2594 domino
479 2526 633 2595 nonest
680 2528 909 2607 dubitandum,
948 2527 1179 2615 praedictaeque
1222 2527 1358 2615 requisi·

306 2631 394 2696 tioni
431 2631 555 2697 factum
604 2630 704 2697 fuerit
744 2630 886 2718 justitiae
933 2631 1217 2716 complementum,
1266 2637 1356 2697 totus

308 2733 369 2798 iste
410 2756 584 2820 processus,
634 2733 750 2799 saltem
792 2733 827 2797 in
869 2732 1040 2809 sententia,
1071 2731 1148 2797 licet
1195 2732 1260 2798 sub
1296 2731 1360 2797 alia

307 2842 341 2899 et
387 2836 514 2901 meliori
559 2835 670 2912 forma,
709 2835 745 2899 in
782 2834 937 2921 prmdicta
986 2834 1123 2922 registro
1170 2832 1356 2920 plenissime

308 2939 502 3004 continetur.

136 3045 196 3097 Just
211 3048 274 3125 aster
353 3040 399 3105 Et
424 3040 585 3126 quomodo
607 3039 664 3104 illa
688 3060 762 3125 quae
783 3061 881 3126 super
903 3036 1013 3126 omnia
1035 3036 1151 3104 vincit¹
1174 3037 1236 3106 diu
1259 3037 1359 3106 latere

135 3115 269 3232 ἷοζζὲἷα
307 3165 374 3208 non
397 3143 518 3229 poterit
530 3165 538 3221 ;
561 3142 638 3207 licet
659 3141 743 3205 forto
766 3141 808 3205 ad
832 3146 968 3227 tempus,
994 3139 1118 3205 occulto
1142 3136 1207 3205 Dci
1233 3139 1360 3227 judicio

136 3260 213 3323 aare?
305 3246 525 3332 permittente,
557 3243 707 3310 subtrahi
736 3242 908 3309 videatur:
943 3241 1033 3309 Cam
1070 3239 1166 3308 atita
1203 3251 1362 3331 opertum

135 3325 290 3431 ffiffffffid
305 3346 397 3433 quod
422 3369 495 3412 noa
518 3345 690 3424 accolatus,
714 3366 775 3410 uec
799 3343 943 3431 aliquod
969 3342 1140 3410 occultum
1166 3346 1263 3431 quod
1289 3369 1360 3411 arou

135 3444 269 3562 ἓθθῦξὲῠ·
306 3448 439 3514 sciatur
451 3449 476 3513 :³
524 3449 606 3513 feria
654 3447 754 3513 tertia
801 3452 875 3532 post
924 3445 1044 3512 festum
1094 3444 1127 3511 S.
1174 3446 1358 3524 Trinitatis

135 3526 265 3644 ἕξοι),
305 3556 474 3636 quaerat
510 3550 578 3615 dies
621 3548 652 3617 S.
686 3549 846 3614 Barnabae
885 3548 1031 3635 apostoli,
1072 3569 1159 3613 anno
1210 3551 1358 3637 superius

133 3642 278 3762 illiniri&
304 3656 491 3728 memorato,
525 3651 560 3716 in
599 3653 695 3718 domo
737 3652 876 3716 fratrum
914 3650 1164 3737 praedicatorum
1205 3650 1354 3730 Oxoniae,

302 3754 477 3819 casualiter
510 3759 544 3818 et
578 3754 744 3840 inopinate
781 3752 817 3817 in
847 3753 988 3839 quadam
1018 3750 1101 3817 cista
1138 3751 1280 3840 antiqua
1310 3754 1357 3819 in·

301 3862 441 3922 ventum
480 3861 530 3921 est
576 3855 740 3942 quoddam
785 3853 1040 3920 instrumentum
1085 3853 1255 3940 publicum
1302 3877 1359 3944 per

300 3959 436 4024 modum
458 3958 643 4023 indentmae
675 3956 867 4034 confectum,
899 3955 1006 4043 sigillo
1037 3955 1161 4020 domini
1187 3962 1224 4022 et
1247 3958 1358 4023 fratris

301 4060 458 4125 Willelmi
487 4059 628 4125 Andreae
658 4057 799 4145 episcopi
826 4042 1008 4134 Midensis,³
1038 4079 1075 4122 ac
1109 4056 1205 4144 signo
1236 4058 1362 4126 notorii

338 4386 344 4420 ¹
359 4388 446 4455 vincit]
461 4388 516 4439 MS.
529 4387 597 4448 adds,
608 4384 700 4437 veritas
711 4386 789 4452 suplc.
857 4401 890 4436 an
912 4382 1086 4450 Englishman,
1105 4396 1158 4432 m
1177 4380 1316 4433 malalai
1335 4388 1359 4432 lo

333 4484 343 4513 α
365 4483 427 4532 Mat·
440 4498 465 4532 L
477 4487 517 4532 2⁶,
855 4458 903 4515 the
913 4480 953 4515 sce
965 4463 995 4513 of
1008 4461 1094 4513 Meath
1105 4460 1131 4510 in
1147 4463 1221 4523 1380,
1234 4463 1285 4512 and
1301 4457 1357 4511 died

335 4560 489 4624 antrensi]
522 4536 632 4623 laisla,
660 4558 724 4615 us..
755 4558 805 4608 ana
857 4544 1002 4609 September
1026 4545 1097 4591 ¹³⁸⁵·
1143 4539 1261 4592 cosona
1291 4537 1357 4591 raus

302 4639 389 4701 below,
407 4634 517 4708 Mideiip.
549 4627 661 4691 William
683 4637 803 4696 Andreas,
829 4622 833 4685 l
857 4623 995 4684 Hibernlet
1006 4635 1047 4672 1¹¹·
1059 4636 1083 4687 p·
1098 4624 1153 4671 11³·
