3008 5490
541 770 721 823 risulcum
744 768 967 823 zrzmosmr.
1215 761 1280 825 403

274 961 391 1030 Omnis
415 983 492 1028 vero
516 969 648 1029 sanctus
670 962 842 1049 presbyter
859 961 913 1027 vel
935 961 1082 1027 sacerdos
1103 962 1167 1027 Dei
1189 984 1280 1028 vera·

227 1066 311 1132 citer
334 1071 384 1131 est
411 1065 586 1152 episcopus,
608 1070 642 1131 et
662 1064 825 1151 praelatus,
849 1071 949 1150 atque
971 1069 1103 1130 curatus
1125 1066 1278 1133 fidelium.

227 1167 276 1234 Et
306 1165 516 1254 quiscunque¹
548 1172 598 1233 est
632 1167 736 1255 magis
765 1166 904 1243 humilis,
945 1172 979 1232 et
1012 1166 1127 1232 melius
1165 1160 1298 1255 implet*

208 1269 371 1337 'officium
396 1269 596 1347 sacerdotis,⁹
619 1269 674 1334 iile
706 1291 803 1335 verus
829 1274 879 1334 est
901 1267 1000 1356 papa⁸
1028 1270 1205 1336 secundum
1229 1293 1280 1337 or·

227 1373 431 1440 dinationem
454 1372 609 1451 divinam,
633 1372 710 1439 licet
738 1371 814 1459 quis
836 1371 891 1439 ills
914 1369 980 1450 sit,⁴
1004 1372 1125 1438 mundo
1148 1373 1279 1460 penitus

227 1477 405 1565 ignoretur.

275 1577 402 1678 Contra
424 1600 522 1666 quam
544 1578 693 1644 haeresim
718 1578 811 1644 credo
834 1584 868 1645 et
890 1578 995 1643 fateor
1020 1578 1111 1643 illam
1135 1600 1202 1644 esse
1226 1600 1279 1645 ca·

225 1681 386 1748 tholicam
412 1683 596 1747 veritatem.
643 1679 739 1762 Quod
758 1702 862 1758 nemo,
886 1686 1174 1766 quantumcunque
1196 1703 1278 1767 prae·

226 1784 413 1851 destinatus
447 1784 501 1850 vel
530 1789 668 1859 sanctus,
700 1783 871 1849 ordinatur
898 1805 992 1870 papa,
1019 1783 1195 1871 episcopus,
1224 1784 1279 1850 vel

224 1887 376 1953 sacerdos
400 1908 420 1952 a
446 1886 524 1963 Deo,
552 1887 595 1951 ad
621 1885 875 1952 ministrandum
902 1885 1041 1952 ecclosiae
1065 1891 1276 1966 sacramenta,

224 1989 294 2054 nisi
313 2011 371 2076 per
391 1989 608 2054 ministeiium
628 1988 885 2066 consecrationis,
910 1988 1082 2066 electionis,
1105 1989 1159 2054 vel
1183 1989 1278 2054 insti-

224 2091 367 2157 tutionis
397 2091 557 2169 humanse,
589 2097 782 2180 cooperante
813 2090 929 2158 divina
958 2091 1091 2170 virtute,
1125 2092 1277 2164 canonae

223 2192 329 2264 fuerit
350 2193 528 2260 ordinatus

721 2457 779 2526 IV.

224 2610 399 2784 ingrata
427 2608 559 2677 haeresis
592 2629 692 2697 quam
719 2607 821 2687 tenui,
852 2608 975 2699 scripsi,
1013 2614 1048 2677 et
1080 2608 1184 2688 docui,
1212 2610 1278 2678 fuit
1290 2622 1421 2744 idid?

273 2816 371 2898 Quod
396 2812 488 2905 quia⁶
512 2815 641 2902 praelaffi
664 2815 799 2903 quidam
818 2815 890 2882 seu⁷
912 2816 1020 2882 clerici
1047 2839 1081 2882 m
1081 2817 1132 2883 ale
1147 2818 1276 2899 vivunt,
1291 2758 1321 2808 of
1327 2767 1423 2826 priests.

224 2925 344 2988 contra
368 2920 552 2985 doctrinam
575 2924 610 2985 ct
633 2918 820 3006 exemplum
844 2919 968 2985 Christi
994 2924 1029 2986 et
1058 2922 1278 3008 apostolorum

224 3024 338 3110 ipsius
360 3023 433 3088 ideo
454 3020 525 3098 iili,u
540 3022 599 3108 qui
614 3022 660 3087 sic
683 3023 812 3100 vivunt,
829 3044 897 3088 non
916 3023 1040 3089 habent
1055 3024 1162 3090 claves
1182 3027 1276 3112 regni

226 3126 392 3201 coelorum,
425 3125 487 3190 sed
516 3125 622 3190 claves
653 3123 794 3204 inferni3
834 3145 894 3189 nec
925 3125 1044 3211 aliquis
1076 3127 1274 3193 christianus

226 3229 302 3318 plns
336 3227 513 3316 appretiari
547 3228 644 3294 debet
680 3249 791 3293 eorum
827 3249 978 3293 censuras
1015 3251 1114 3314 quam
1145 3230 1278 3296 sibilum

226 3331 461 3420 serpentinum.
517 3329 624 3395 Immo
650 3330 679 3395 si
702 3351 788 3416 papa
811 3330 948 3396 forsitan
974 3330 1182 3399 interdiceret
1206 3355 1280 3399 nos·

226 3440 319 3502 trum
353 3455 499 3521 regnum,
537 3455 604 3498 non
637 3430 760 3520 posset⁹
792 3431 887 3498 nobis
921 3454 1042 3511 nocere,
1080 3435 1138 3500 sed
1175 3436 1279 3522 magis

225 3537 401 3625 prodesse;
438 3557 512 3601 cum
547 3557 606 3622 per
642 3534 703 3599 hoc
744 3533 919 3600 alleviati¹⁰
945 3557 1087 3601 essemus
1119 3537 1162 3602 ab
1206 3539 1278 3624 ejus

226 3640 355 3728 legibus
385 3638 604 3715 observandis,
632 3642 667 3704 et
692 3659 713 3704 a
739 3636 860 3704 divinis
890 3636 1004 3706 officiis
1022 3638 1125 3727 juxta
1153 3663 1277 3711 morem

227 3742 370 3810 ecclesis
391 3741 599 3807 celebrandis.

243 3876 245 3880 ·
274 3844 399 3912 Contra
418 3866 517 3931 quam
539 3843 689 3909 haeresim
712 3842 809 3909 credo
835 3849 869 3909 et
891 3842 995 3910 fateor
1016 3844 1114 3912 istam
1135 3869 1202 3914 esse
1225 3869 1276 3915 ca·
1342 3900 1345 3906 .
1374 3896 1398 3933 ,-

225 3948 382 4020 tholiccm
397 3947 580 4016 veritatem.
614 3945 711 4028 Quod
725 3946 853 4037 praelati
869 3947 1017 4028 ecclesiae,
1034 3950 1277 4038 quantumlibet
1354 4005 1358 4012 .
1381 3952 1385 3957 ’

260 4338 267 4367 ¹
279 4337 439 4403 munau]
453 4336 600 4403 quicunqne,
611 4331 690 4386 wilk
804 4331 897 4398 ‘quisq
910 4347 958 4384 om
970 4333 1000 4384 1³.

259 4415 424 4482 'madoffl
439 4430 487 4466 orn.
499 4414 534 4466 A.
806 4410 883 4477 ἐκ]
896 4418 960 4474 sent,
972 4411 995 4462 F
1005 4412 1097 4478 (thus).

259 4494 364 4561 ῬΨ]
376 4495 564 4559 predestinatus,
575 4495 609 4547 A.
808 4489 992 4558 'illqipdls
1233 4552 1237 4557 .

259 4572 320 4624 ⁴511ae
330 4575 375 4641 a]
393 4575 426 4625 ct
437 4574 484 4626 ss
494 4575 529 4637 ru,
542 4576 571 4627 r.
809 4569 1112 4636 'rvwdrotaeswilk-

259 4653 472 4720 'Contra-istc]
494 4654 577 4706 These
600 4662 650 4707 two
661 4670 732 4720 pm·
813 4645 964 4716 '’011th
978 4648 1086 4710 alienati,
1101 4648 1128 4700 F.

224 4720 321 4788 mohs
333 4719 437 4772 omitted
448 4722 475 4771 in
487 4721 516 4774 F.

1087 4809 1188 4878 cci
