3158 5490
249 669 313 737 446
561 681 741 735 rmmcou
764 679 991 733 amurcam

247 865 404 952 praedicti,
435 864 473 929 in
499 863 612 929 eedem
641 863 873 929 convocatione
901 863 1070 950 predicta,
1103 863 1186 930 inde
1216 863 1309 929 nobie

248 966 371 1044 factus)
403 965 516 1032 favore
542 965 699 1052 possibili,
728 965 800 1030 Deo
829 971 923 1043 teste,
955 987 1022 1052 quo
1051 965 1237 1052 potuimus,
1263 965 1308 1031 le·

247 1069 362 1155 gitime
388 1067 599 1154 procedentes
627 1074 745 1134 contra
767 1067 915 1144 eundem,
940 1088 979 1133 oc
1006 1065 1136 1134 Christi
1156 1067 1307 1154 vestigiis

247 1169 445 1247 inhaerendo,
481 1170 539 1256 qui
577 1192 644 1235 non
681 1169 757 1235 vult
786 1175 926 1234 mortem
951 1169 1143 1255 peccatoris,
1178 1169 1239 1237 sed
1267 1175 1305 1236 ut

245 1272 351 1358 magis
383 1276 603 1351 convertatur,
639 1277 673 1337 et
702 1271 806 1348 vivat,
840 1269 1029 1337 nitebamur
1058 1271 1207 1337 cundem
1236 1292 1304 1336 cor·

246 1374 359 1460 rigere,
387 1395 425 1439 ac
446 1374 510 1439 viis
536 1379 571 1439 et
604 1374 709 1439 modis
735 1373 854 1459 quibus
879 1373 1049 1459 potuimus
1074 1376 1180 1459 atque
1209 1373 1304 1439 scivi·

246 1497 319 1540 mus
343 1475 495 1540 reducere
521 1476 565 1541 sd
588 1475 731 1541 ecclesias
757 1474 940 1541 unitatem:
964 1473 1173 1541 declarantes
1196 1474 1302 1541 eidem

247 1578 346 1663 quid⁹
361 1579 397 1642 in
417 1578 479 1642 hoc
496 1583 590 1664 porte
609 1583 722 1643 sancte
741 1577 892 1643 Romana
905 1581 941 1642 et
955 1576 1156 1645 universalis
1169 1575 1302 1645 mum·

247 1681 348 1756 docet,
373 1686 474 1753 tenet,
499 1679 731 1744 determinavit
753 1684 788 1743 et
809 1678 973 1764 praedicat

292 1782 337 1847 Et
363 1783 514 1868 quamvis
538 1782 678 1847 eundem
702 1780 739 1846 in
761 1779 827 1846 fide
849 1780 1009 1846 catholica
1029 1777 1186 1845 demum⁸
1210 1779 1300 1847 inve·

246 1886 389 1949 nerimus
416 1884 498 1949 adeo
522 1885 614 1949 durae
637 1882 782 1960 cervicis,
807 1883 896 1969 quod
920 1903 1064 1949 errorem
1083 1903 1184 1949 suum
1207 1881 1300 1948 nolu·

245 1988 308 2050 erit
334 1985 491 2063 confiteri,
522 1989 581 2050 sut
611 2006 645 2050 se
682 2005 822 2071 purgare
859 1984 899 2049 ds
937 1983 1060 2059 eodem,
1100 2005 1162 2049 nec
1199 1984 1299 2051 etiem

245 2087 418 2152 detestari:
475 2088 580 2152 eidem
625 2092 763 2173 paterno
807 2085 1020 2151 nihilominus
1062 2086 1300 2171 compatientes

244 2188 372 2263 affectu,
400 2210 437 2253 ec
462 2189 563 2275 ipsius
593 2188 732 2254 salutem
762 2187 947 2253 cordialiter
976 2187 1180 2265 affectantes,
1218 2210 1299 2275 prae

244 2289 377 2354 fiximus
407 2290 512 2355 eidem
543 2295 668 2356 certum
697 2289 875 2355 terminum
904 2294 1145 2376 competentem
1171 2288 1217 2355 ad
1246 2290 1300 2356 (le-

245 2391 459 2468 liberondum,
492 2398 526 2457 et
553 2393 581 2457 si
608 2391 765 2457 voluisset
794 2390 1021 2478 poeuitendum
1052 2395 1087 2456 et
1118 2390 1299 2458 roseman-

245 2495 326 2559 dum
346 2494 507 2581 seipsum:
536 2516 574 2559 ac
600 2494 740 2570 demum,
769 2515 807 2559 eo
834 2493 922 2579 quod
947 2492 1088 2557 eundem
1115 2494 1299 2559 considere·

244 2596 388 2661 verimus
418 2594 679 2682 incorrigibilem,
711 2594 850 2661 servatis
879 2594 1032 2681 primitus
1063 2615 1140 2680 quse
1171 2595 1209 2660 in
1238 2596 1299 2661 hec

245 2704 338 2785 parto
366 2699 406 2762 de
427 2698 502 2782 jure
528 2698 748 2783 requiruntur,
776 2719 850 2763 cum
877 2696 988 2763 dolore
1014 2700 1049 2761 et
1074 2697 1298 2763 amaritudine

246 2801 351 2864 cordis
378 2801 421 2864 ad
445 2800 629 2866 diffinitivae
656 2800 829 2866 sententie
856 2800 1071 2890 prolationem
1091 2801 1298 2887 procedimus

245 2901 281 2967 in
305 2901 392 2969 hunc
414 2902 554 2968 modum.

265 3113 432 3204 Sequitur
462 3113 629 3182 acceleratio
657 3114 1025 3183 excommonicationis
1054 3113 1126 3183 leto
1157 3123 1278 3184 watra

682 3216 854 3284 Olclcoetcl.

290 3349 435 3416 CHRISTI
467 3350 598 3415 nomine
628 3351 789 3426 invocato,
814 3350 985 3438 ipsumque
1007 3349 1113 3415 solum
1135 3349 1298 3419 habentes

107 3449 121 3482 ⁸
178 3459 188 3471 '
245 3474 312 3538 prae
337 3453 445 3530 oculis,
474 3451 552 3537 quia
582 3474 640 3540 per
665 3450 756 3517 acts⁴
785 3452 967 3529 inoctitota
998 3452 1170 3539 producto,
1203 3455 1299 3520 exhi·

245 3555 316 3618 bite
346 3555 447 3641 signa,
475 3554 655 3620 evidentias
686 3558 720 3618 et
750 3553 877 3631 indicia,
906 3553 1035 3619 diversa
1061 3553 1198 3641 insuper
1222 3578 1298 3645 pro·

245 3656 414 3721 lintionum
429 3679 548 3743 genera
570 3657 747 3742 reperimus
763 3657 901 3721 ermdem
923 3656 1091 3721 dominum
1107 3655 1131 3720 J
1132 3657 1298 3731 ohannem

246 3759 383 3824 militem
406 3759 473 3823 fore
498 3765 532 3824 et
552 3781 620 3824 esse
635 3759 834 3834 haereticum,
859 3758 1083 3845 haereticisque
1099 3760 1297 3839 credentem,

245 3861 280 3925 in
303 3862 368 3926 fide
392 3867 426 3926 et
452 3856 678 3926 observantia⁶
693 3865 905 3927 sacrosanctae
926 3859 1084 3927 Romanae
1106 3866 1142 3927 et
1165 3864 1300 3929 univer·

244 3964 320 4031 solis
345 3963 483 4029 ecclesio
508 3967 679 4037 errantem,
708 3966 742 4026 et
765 3962 947 4049 praesertim
977 3963 1063 4028 circa
1092 3972 1300 4032 sacramenta

244 4065 447 4132 cuclrcristiae
474 4070 509 4131 et
533 4064 737 4155 poenitentiae
749 4089 757 4145 ;
789 4061 960 4156 quodque⁰
983 4069 1144 4157 tanquam
1175 4066 1299 4159 iniqui-

276 4374 282 4403 ¹
288 4372 391 4437 suctos]
404 4371 477 4428 secto,
488 4370 567 4420 Foxc.
826 4371 1073 4438 ‘in—ctmoaatio]
1098 4387 1129 4424 ac
1151 4372 1179 4423 in
1202 4372 1254 4424 fide
1275 4382 1300 4426 et

275 4451 367 4516 2φιίᾰ]
381 4451 455 4514 quod,
466 4449 545 4510 Foxo,
559 4448 636 4499 Wilk.
793 4451 967 4512 observantiis,
979 4452 1010 4511 L,
1021 4451 1101 4503 wilk.

274 4535 283 4562 ¹
294 4530 397 4595 ricinum]
411 4527 519 4586 devium,
530 4528 608 4578 roze.
826 4530 964 4595 ‘qualqud
978 4532 1054 4598 quod,
1063 4531 1146 4583 Foxe.

274 4612 283 4639 ⁴
294 4610 364 4677 ciclo]
378 4616 432 4659 actu
444 4616 476 4669 el,
489 4606 518 4663 L,
530 4606 608 4657 wilk.
