3008 5490
231 698 274 764 16
550 709 732 761 rsscrcnm
760 708 987 760 musmonem

229 916 320 962 sacra
355 917 424 960 non
464 899 643 980 ponuntur.
712 894 798 981 Ergo
845 893 1035 981 hujusmodi
1078 893 1278 962 veritatibus

229 995 492 1061 indifferentibus
521 995 692 1080 Scriptura
724 1017 814 1060 sacra
846 1018 913 1061 non
950 1002 1002 1060 est
1035 996 1212 1080 antiquior,
1243 1001 1279 1062 et

227 1118 287 1184 per
315 1117 513 1182 consequens
542 1097 597 1161 vel
625 1117 693 1161 non
722 1097 841 1182 probat
866 1095 1077 1183 Augustinus
1102 1097 1278 1162 veritatem

229 1196 409 1284 scupturae
432 1219 531 1263 sacrae
556 1197 672 1262 ceteris
701 1197 845 1262 scientiis
868 1202 902 1261 et
931 1198 1058 1262 artibus
1089 1197 1279 1263 liberalibus

227 1299 447 1385 antiquiorem
473 1319 550 1375 esse,
579 1298 635 1363 vel
657 1297 686 1362 si
711 1298 831 1384 probat
857 1318 900 1362 ex
918 1298 980 1363 hoo
1003 1298 1108 1384 ipsam
1129 1297 1167 1362 in
1186 1298 1278 1364 nullo

226 1400 440 1465 commendat.
800 1421 801 1424 ’
845 1459 847 1464 2

273 1499 340 1567 Sed
374 1501 461 1566 forte
496 1500 577 1565 dicit
618 1499 778 1587 Magister
814 1522 907 1565 meus
945 1501 1033 1586 quod
1070 1498 1278 1586 Augustinus

226 1603 373 1689 loquitur
414 1604 455 1666 de
500 1599 668 1687 Scriptura
712 1605 811 1686 prout
856 1602 1042 1667 continetur
1084 1602 1121 1665 in
1164 1601 1277 1678 literis,

226 1704 371 1784 vocibus,
401 1708 436 1767 et
464 1702 573 1788 signis,
606 1703 675 1787 ipse
707 1708 818 1768 autem
849 1703 891 1766 de
922 1703 1064 1767 veritate
1101 1705 1279 1780 eontenta3

226 1805 306 1891 quia
335 1805 458 1869 veritos
488 1809 610 1868 aeterna
640 1807 697 1879 est,
735 1802 829 1888 signa
860 1823 940 1868 vero
974 1803 1167 1887 temporalia
1203 1808 1278 1866 tan-

226 1908 307 1971 tum.
376 1905 515 1970 Constat
559 1908 671 1969 tamen
712 1904 801 1988 quod
841 1903 880 1969 B.
920 1904 1126 1990 Augustinus
1169 1902 1280 1967 utitur

225 2006 385 2072 vocabulo
423 2004 600 2090 Scripturae
635 2025 695 2091 pro
732 2005 889 2090 utrisque,
921 2006 1044 2070 scilicet
1079 2025 1139 2089 pro
1177 2003 1279 2090 signis

226 2111 261 2171 et
297 2105 493 2170 veritatibus
530 2104 741 2190 significatis;
778 2107 867 2191 quod
900 2111 994 2191 patet
1028 2128 1071 2170 ex
1105 2105 1279 2170 collatione

224 2228 285 2272 sua
310 2227 409 2290 quam
435 2205 514 2270 fecit
538 2206 625 2269 inter
655 2207 848 2291 scripturam
877 2211 1022 2271 nostram
1049 2211 1084 2269 et
1108 2206 1279 2270 scientiam

226 2307 467 2393 AEgyptiorum,
499 2306 540 2370 de
577 2306 697 2390 qurlms
730 2307 865 2393 loquens
892 2305 1019 2371 xv111⁰¹
1056 2308 1097 2370 dc
1130 2306 1278 2372 Ciuitate

225 2407 299 2487 Dei,
323 2429 393 2492 cap.
414 2406 466 2483 37,
490 2407 536 2471 sic
559 2406 646 2472 dicit
694 2406 795 2473 “Sed
823 2430 883 2473 nec
912 2409 1072 2493 sapientia
1104 2406 1279 2492 AEgyptio-

225 2517 247 2546 “
267 2509 370 2585 rum,'’
407 2508 524 2593 inquit,
558 2508 783 2594 “sapientiam
816 2510 1049 2595 prophetarum
1090 2513 1278 2573 nostrorum

226 2617 246 2648 ‘⁸
267 2609 426 2696 tempore²
448 2609 638 2673 antecedere
657 2610 774 2694 potuit,
798 2610 1063 2694 quandoquidem
1087 2607 1278 2674 Abraham³

227 2712 427 2797 “propheta
456 2711 528 2774 fuit
600 2708 620 2749 ⁴
688 2709 708 2750 ⁴
770 2709 790 2749 ⁴
864 2711 973 2790 Quid*
1005 2709 1122 2786 enim,'’
1157 2711 1277 2796 inquit,

226 2821 247 2849 “
269 2809 451 2898 sapientiae⁶
473 2813 583 2896 potuit
607 2833 673 2876 esse
697 2812 732 2876 in
762 2811 906 2897 AEgypto
937 2815 1111 2895 antequam
1138 2812 1184 2874 eis
1215 2811 1280 2876 Isis

227 2918 247 2949 “
268 2913 379 2977 literas
397 2914 562 2978 traderet?
584 2935 657 2998 quae
677 2914 741 2977 fuit
760 2913 829 2976 filia
848 2912 934 2996 regis
951 2912 1157 2997 Argivorum,
1182 2911 1279 2995 cujus

225 3023 245 3050 “
267 3018 412 3099 tempore
445 3013 590 3078 Abrahae
616 3019 749 3098 nepotes
781 3013 988 3097 reperiuntur
1018 3007 1172 3075 exorti.”⁰
1218 3011 1278 3075 In-

225 3115 333 3178 tendit
355 3137 431 3198 ergo
451 3116 656 3200 Augustinus
679 3114 743 3178 tale
766 3119 1003 3198 argumentum.
1048 3111 1187 3196 Egyptii
1208 3133 1278 3176 non

168 3271 173 3279 .
224 3215 359 3277 fuerunt
403 3216 563 3298 sapientes
611 3221 689 3277 ante
735 3215 946 3278 traditionem
994 3214 1172 3288 literarum,
1219 3214 1278 3278 sed

225 3311 393 3375 Abraham
440 3315 598 3399 propheta
642 3315 707 3379 fuit
751 3321 926 3399 antequam
973 3314 1124 3399 Egyptus
1165 3315 1278 3378 literas

225 3413 348 3496 accepit
360 3437 367 3490 ;
398 3435 474 3498 ergo
504 3437 578 3479 cum
608 3416 778 3500 prophetia
807 3417 851 3479 sit
880 3438 954 3500 pars
984 3416 1137 3478 notabilis
1171 3414 1279 3501 Scrip-

224 3519 309 3578 turae
331 3536 436 3590 samse,
467 3518 615 3600 sequitur
645 3518 732 3600 quod
767 3515 934 3600 Scriptura
964 3537 1053 3578 sacra
1083 3516 1278 3600 sapientiam

224 3615 455 3701 AEgyptiorum
479 3619 642 3701 praecessit
660 3618 864 3701 antiquitate.
911 3616 1010 3679 Modo
1032 3616 1061 3679 si
1084 3617 1121 3678 B.
1147 3617 1277 3701 Augus-

223 3717 314 3781 tinus
336 3725 467 3782 voearet
493 3719 596 3783 solum
626 3718 826 3802 Scripturam
849 3738 973 3780 sacram
1006 3717 1106 3780 libros
1141 3718 1278 3801 scriptos

223 3817 279 3881 vel
310 3817 421 3882 literas
456 3820 625 3898 visibiles;
662 3819 786 3882 nullam
824 3818 942 3881 faceret
980 3818 1180 3881 evidentiam
1217 3840 1278 3902 pro

224 3923 317 4002 parte
338 3940 397 3983 sua
428 3921 505 4003 quia
534 3921 702 3984 Abraham
724 3920 788 3982 fuit
810 3918 975 4002 propheta,
1007 3919 1079 3980 ideo
1106 3917 1277 4003 Scriptura

259 4180 265 4209 ¹
284 4180 378 4241 rme]
398 4188 506 4239 xxvrw,
518 4182 573 4231 MS.
809 4182 890 4231 ‘The
908 4182 954 4231 last
966 4182 1047 4229 words
1064 4182 1090 4229 in
1107 4182 1150 4230 the
1167 4181 1275 4247 original

256 4257 268 4284 ¹
285 4257 399 4318 ternpore]
418 4265 566 4319 temporum,
579 4259 635 4308 MS.
774 4275 823 4320 are,
844 4262 914 4309 “Isis
930 4276 1004 4324 porro
1024 4261 1111 4325 inachi
1129 4261 1182 4310 filia
1198 4263 1275 4311 fuisse

259 4331 422 4395 ’Atralmm]
443 4340 468 4381 et
479 4335 617 4392 Abraham,
628 4343 682 4384 text
699 4337 728 4384 ol
774 4339 894 4398 proditur,
906 4339 947 4401 qui
968 4339 1062 4400 primus
1078 4353 1183 4402 regnare
1200 4340 1276 4402 coepit

226 4408 261 4458 st
275 4408 309 4456 Α.
776 4415 885 4476 Argivis,
904 4418 1002 4477 quando
1019 4416 1130 4464 Abrahae
1153 4417 1208 4478 J'am
1230 4432 1274 4466 ne·

258 4487 267 4515 ⁴
288 4484 367 4547 Quid]
388 4485 467 4544 Quod.
480 4485 535 4534 MS.
773 4499 841 4550 potes
853 4493 1009 4553 reperiuntur
1020 4493 1127 4543 exorti.”

255 4564 265 4591 ⁵
282 4562 419 4627 sapienties]
439 4562 567 4624 sapientia,
580 4563 635 4612 MS.
