3158 5490
350 709 415 774 434
648 717 829 770 umanum
858 715 1089 770 zizamoauu.

181 932 219 983 or
232 931 316 981 whom
394 909 439 974 Et
462 908 549 974 faeta
574 908 808 993 subsequenter
837 905 873 970 in
903 905 1016 971 eadem
1046 905 1288 970 convocatione
1325 905 1408 970 inter

179 998 318 1114 {isdffil
347 1016 569 1098 procuratores
592 1009 668 1074 cieri
702 1013 737 1074 et
766 1008 855 1085 aiios,
887 1007 944 1092 qui
978 1008 1019 1072 de
1049 1006 1191 1093 singuiis
1215 1007 1407 1074 dioecesibua

180 1130 289 1183 ischies
347 1114 492 1199 ejusdem
523 1104 644 1177 nostrae
674 1110 850 1198 provinciae
880 1109 1002 1174 ibidem
1036 1108 1072 1172 in
1109 1130 1236 1196 magno
1274 1132 1406 1176 numero

346 1214 574 1291 interfuerunt,
606 1212 820 1299 inquisitione
847 1210 1007 1298 diligenti,
1031 1214 1202 1297 repertum
1228 1212 1299 1279 fuit
1324 1214 1407 1279 inter

347 1316 483 1392 eosdem,
517 1338 555 1381 aa
576 1314 670 1381 nobis
701 1315 866 1381 detectum
896 1319 930 1378 et
960 1311 1115 1390 delatum,
1141 1315 1236 1402 quod
1258 1312 1405 1382 dominus

346 1419 370 1484 J
372 1419 516 1483 ohannes
541 1413 737 1497 Oidcssteil,¹
763 1417 865 1492 miles,
888 1415 995 1481 fuerat
1017 1419 1052 1480 et
1075 1419 1127 1480 est
1146 1415 1341 1505 principalis
1360 1438 1405 1483 re·

347 1526 501 1608 ceptator,
534 1519 651 1596 fautor,
685 1520 848 1605 protector
873 1522 908 1583 et
939 1517 1090 1583 defensor
1121 1518 1339 1586 eorumdem:
1371 1540 1404 1584 ac

348 1623 437 1709 quod
467 1623 647 1709 praesertim
692 1622 728 1685 in
762 1619 893 1685 dioecesi
924 1619 1153 1697 londoniensi,
1187 1619 1351 1700 Roffemi,
1373 1626 1404 1686 et

349 1722 589 1800 Herefordensi,
616 1722 704 1808 ipsos
728 1720 904 1797 Lollardos,
926 1718 969 1786 ab
995 1720 1171 1787 ordinariis
1196 1722 1273 1789 sive
1295 1723 1404 1790 dioece

348 1826 435 1891 sanis
457 1825 600 1890 locorum
626 1822 760 1888 minime
783 1821 975 1901 licentiatos,
998 1827 1113 1888 contra
1134 1825 1402 1893 constitutionem

348 1925 580 2013 provincialem
611 1924 687 1989 inde
713 1923 841 2000 betam,
866 1923 909 1988 ad
931 1922 1179 2009 praedicandum
1213 1926 1401 2002 transmisit

348 2049 385 2091 ac
415 2048 527 2091 eorum
556 2024 842 2112 praedicationibus
879 2024 1013 2090 nefariis
1050 2024 1218 2103 interfuit,
1262 2034 1298 2095 et
1335 2050 1401 2095 con-

347 2128 547 2203 tradictores,
584 2127 611 2191 si
643 2149 723 2214 quos
757 2133 929 2214 repererat,
960 2125 1059 2192 minis
1090 2131 1125 2192 et
1156 2130 1344 2196 terroribus
1368 2151 1402 2195 ac

347 2229 450 2315 gladii
476 2228 628 2295 secularis
658 2229 808 2316 potentia
831 2230 1049 2315 compescuit:
1088 2251 1238 2296 asserens
1263 2238 1300 2298 et
1323 2230 1401 2298 affin

346 2352 449 2407 mans,
475 2330 562 2395 inter
591 2335 706 2408 cetera,
732 2331 820 2415 quod
845 2352 904 2397 nos
930 2336 965 2396 et
988 2329 1168 2396 confratres
1201 2334 1314 2400 nostri
1343 2332 1401 2401 suf·

347 2431 496 2518 fraganei
509 2437 630 2497 nostrae
651 2433 836 2517 provinciae,
856 2454 923 2498 non
943 2431 1128 2512 habuimus,
1144 2431 1227 2500 nec’
1249 2435 1400 2503 mbemus

348 2539 546 2621 potestatem
571 2533 714 2619 aliquam
741 2532 927 2620 hujusmodi
955 2534 1227 2601 constitutionem
1258 2536 1398 2604 faciendi

347 2636 518 2722 Aliterque
549 2635 671 2711 sentiit,
708 2642 744 2701 et
773 2635 883 2712 sentit,
922 2657 959 2700 ac
997 2635 1210 2722 dogmatizat,
1245 2643 1283 2704 et
1314 2641 1400 2707 docet

347 2739 388 2803 de
410 2738 620 2803 sacramentis
642 2736 754 2803 altaris
782 2743 816 2802 et
839 2738 1051 2824 poenitentiae,
1074 2739 1397 2825 peregrinationibus,

347 2827 381 2905 et
406 2839 650 2904 adorationibus
670 2836 859 2925 imaginum,
885 2861 922 2904 ae
947 2838 1102 2914 clavibus,
1128 2860 1232 2925 quam
1255 2841 1398 2911 Romana

347 2948 382 3008 et
411 2942 604 3008 universalis
635 2941 766 3006 ecclesia
796 2941 890 3006 docet
920 2947 954 3007 et
980 2940 1129 3007 affimat

178 3073 327 3126 mm,
393 3044 501 3125 Quare
536 3040 600 3109 ex⁸
620 3048 715 3129 parte
752 3043 938 3108 eorumdem
983 3042 1204 3129 praelatorum,
1242 3050 1279 3112 et
1317 3048 1396 3124 cleri,

178 3138 308 3257 ’7ἽέῨῶ
345 3150 425 3211 tunc
449 3146 570 3212 fuimus
593 3140 750 3231 requisiti,
782 3151 822 3211 ut
846 3144 886 3209 de
909 3151 943 3210 et
965 3165 1062 3230 super
1084 3145 1264 3230 praemissis
1291 3156 1396 3216 contra

178 3220 322 3335 ddqproeffid
345 3248 484 3313 eundem
508 3247 678 3314 dominum
701 3244 725 3313 J
727 3240 888 3313 ohannem
913 3245 1114 3314 Oldecastel⁴
1135 3250 1311 3336 procedere
1333 3253 1396 3340 dig·

177 3337 275 3453 ἔξω
343 3370 504 3415 naremur.

177 3484 333 3538 Themetra
389 3450 460 3516 Nos
497 3456 609 3516 tamen
655 3451 697 3516 ob
742 3450 959 3517 reverentiam
999 3450 1124 3517 domini
1163 3455 1272 3521 nostri
1307 3455 1394 3543 regis,

177 3553 291 3665 &leid
344 3551 437 3638 cujus
482 3554 525 3618 ad
574 3558 654 3620 tunc
698 3551 785 3618 idem
831 3553 981 3618 dominus
1019 3552 1189 3621 Johannes
1231 3556 1395 3624 familiaris

177 3632 263 3747 kin?
274 3618 316 3669 ὼε
345 3656 525 3732 exstiterat,
553 3677 590 3720 ac
613 3656 655 3720 ob
679 3654 833 3720 honorem
856 3654 1067 3720 nihilominus
1090 3656 1217 3724 ordinis
1239 3660 1395 3738 militaria

344 3778 410 3821 una
435 3778 508 3822 cum
533 3757 683 3822 omnibus
707 3757 931 3833 confratribus,
963 3760 997 3822 et
1026 3756 1245 3845 suffraganeis
1271 3763 1393 3838 nostris

345 3858 441 3923 dictae
471 3862 593 3924 nostae
623 3859 809 3943 provinciae,
840 3865 921 3923 tunc
958 3860 1184 3944 praesentibus,
1209 3869 1246 3929 et
1280 3886 1394 3952 magna

343 3965 436 4045 parte
460 3959 537 4024 cleri
568 3959 714 4045 ejusdem
743 3965 863 4026 nestun
893 3959 1079 4046 provinciae,
1108 3962 1153 4028 ad
1189 3968 1393 4050 praesentiam

344 4061 425 4126 dicti
464 4060 588 4128 domini
626 4060 730 4128 nostri
768 4061 864 4150 regis,
898 4066 978 4128 tunc
1009 4063 1046 4128 in
1081 4066 1231 4134 manerio
1270 4091 1329 4135 suo
1357 4069 1394 4134 de

350 4300 379 4305 ..
404 4299 699 4307 ———-—-—--·---—-
706 4300 1338 4318 W--————·-..----—.

375 4464 381 4494 ¹
398 4462 540 4530 ouemreu]
560 4464 769 4529 Oldecastetl,11;
782 4466 842 4520 Oid-
927 4466 1004 4533 Ἢ]
1017 4482 1059 4530 ne,
1073 4468 1107 4522 A.

340 4544 462 4600 castellus,
482 4543 560 4593 Foxe.
595 4545 636 4595 lie
658 4546 751 4612 always
772 4548 842 4611 gives
926 4547 989 4611 ἀ]
1004 4561 1058 4610 pro,
1070 4547 1102 4609 L,
1114 4547 1198 4602 wilk

340 4621 383 4670 the
394 4622 513 4672 latinized
523 4623 595 4671 form
926 4623 1098 4692 ⁴01Aeease1]
1113 4626 1289 4697 Olenacum,
1299 4633 1373 4685 Fore
