3008 5490
231 681 277 745 40
542 692 722 744 risurum
743 692 969 744 zizimoauu.

276 877 306 945 2.
331 880 479 945 Secundo
497 879 550 945 sie
595 880 756 946 Perfeotio
777 881 906 946 notitiae
925 878 1095 947 intuitivae
1109 880 1189 946 feeit
1211 902 1281 946 rem

231 1002 300 1046 esse
337 981 410 1045 Deo
446 987 661 1066 presentem
697 982 755 1047 sed
783 1004 875 1068 reque
904 981 1049 1068 perfecta
1079 984 1203 1047 notitia
1229 988 1284 1048 est

231 1081 370 1168 simplex
392 1083 605 1167 apprehensio
627 1083 713 1148 sieut
726 1083 869 1160 intuitio,
885 1088 925 1148 ut
946 1083 1182 1169 praemittitur3
1203 1105 1284 1170 ergo

231 1184 369 1268 simplex
399 1184 512 1248 divina
541 1184 754 1269 apprehensio
781 1184 862 1249 neit
897 1183 1005 1271 ipsum
1041 1185 1281 1271 apprehensum

230 1306 298 1350 esse
313 1307 455 1371 praesens
477 1284 558 1365 Deo,
580 1286 726 1350 sednon
747 1286 925 1351 seeundum
946 1285 1178 1365 existentiam
1203 1307 1281 1372 ergo

230 1386 418 1470 hujusmodi
451 1387 625 1472 praesentia
653 1388 696 1452 ad
725 1387 826 1452 solam
861 1386 1015 1452 notitiam
1046 1388 1199 1473 pertinet,
1236 1408 1280 1452 ex

230 1509 298 1572 qua
322 1510 389 1553 non
418 1488 567 1574 sequitur
595 1510 666 1553 rem
695 1488 842 1566 existere,
867 1489 925 1554 sed
953 1492 1086 1553 tantum
1116 1488 1281 1574 eognitam

231 1610 307 1656 esse.

275 1695 305 1757 3.
330 1690 454 1758 Tertio¹
477 1692 627 1779 arguitur
651 1692 705 1757 sie.
750 1691 852 1757 Nulla
877 1695 1026 1757 ereatura
1050 1691 1167 1757 existit
1189 1696 1280 1758 ante-

230 1815 330 1878 quam
346 1795 390 1860 sit
405 1801 572 1874 creatura3
595 1816 673 1880 ergo
687 1795 778 1859 nulla
800 1799 949 1858 ereatura
963 1792 1084 1868 existit
1101 1798 1279 1878 antequam

230 1896 275 1959 sit
303 1896 390 1960 faeta
418 1897 473 1960 vel
503 1901 630 1975 ereata;
661 1896 719 1960 sed
747 1916 806 1982 per
834 1895 933 1960 istam
961 1894 1158 1979 positionem
1188 1893 1279 1959 Deus

229 1998 427 2061 aetenraliter
463 1997 612 2061 intuetur
640 2018 736 2062 omne
773 2000 940 2074 ereetum
975 2016 1053 2080 ergo
1082 1996 1137 2059 vel
1175 1995 1281 2059 omnis

229 2102 379 2161 ereatura
393 2098 590 2162 aeternoliter
604 2102 655 2162 est
669 2103 787 2174 ereata,
801 2097 856 2161 vel
870 2097 960 2161 Deus
974 2095 1066 2182 prius
1080 2096 1280 2161 aeternaliter

229 2197 378 2262 intuetur
396 2203 586 2275 ereaturam,
608 2221 707 2285 quam
731 2199 803 2284 ipsa
828 2202 978 2262 ereatura
1002 2197 1118 2262 existit
1130 2222 1139 2277 ;
1162 2202 1198 2262 et
1220 2219 1281 2283 per

230 2319 427 2384 consequens
466 2321 507 2363 ex
546 2300 722 2365 intuitione
760 2300 874 2364 divina
909 2320 977 2363 non
1014 2299 1165 2385 sequitur
1193 2320 1280 2363 erea-

228 2405 339 2464 turam
361 2401 509 2477 existere,
526 2423 585 2486 pro
600 2402 714 2466 eadem
729 2422 888 2465 mensure

275 2501 497 2568 confirmatur
526 2525 584 2588 per
617 2503 652 2567 B.
675 2500 903 2588 Augustinum
927 2501 971 2564 V⁰
1002 2521 1099 2586 super
1124 2501 1276 2566 Genesim

229 2603 272 2668 ad
287 2604 416 2668 literam
431 2626 498 2690 oap.
520 2608 571 2683 15,
585 2605 644 2668 ubi
668 2609 760 2668 tenet
783 2625 825 2668 ex
849 2602 1027 2667 intuitione
1054 2603 1143 2687 quod
1168 2624 1278 2668 omnes

228 2710 392 2770 creaturas
428 2706 524 2771 novit
560 2705 651 2770 Deus
688 2710 865 2789 antequam
901 2703 1038 2781 fierent3
1078 2704 1136 2768 sed
1173 2705 1279 2769 omnis

228 2808 343 2871 divina
379 2808 499 2872 notitia
539 2813 688 2892 respectu
717 2812 874 2870 ereaturae
911 2811 961 2870 est
996 2805 1153 2883 intuitio;
1200 2828 1278 2891 ergo

228 2930 339 2973 omnes
377 2913 540 2973 creaturas
576 2908 768 2972 intuebatur
805 2906 895 2971 Deus
932 2912 1108 2992 antequam
1137 2904 1277 2985 fierent3

228 3031 302 3073 eum
339 3010 451 3095 igitur,
482 3014 522 3073 ut
559 3010 761 3095 praemissum
799 3014 856 3083 est,
887 3009 979 3071 nulla
1008 3011 1154 3071 ereatura
1183 3008 1278 3091 prius

227 3113 349 3175 existat
373 3134 471 3194 quam
496 3111 540 3174 sit
566 3111 660 3189 faeta,
688 3110 836 3194 sequitur
861 3110 950 3193 quod
976 3130 1086 3173 omnes
1112 3113 1279 3173 creaturas

227 3211 419 3275 intuebatur
434 3211 524 3275 Deus
539 3216 715 3296 antequam
731 3211 917 3275 existerent

273 3315 301 3374 4.
326 3311 412 3373 Item
431 3312 569 3375 existere
591 3318 747 3376 creaturre
773 3316 823 3375 est
846 3333 913 3375 esse
939 3312 975 3374 in
991 3333 1107 3396 genere
1123 3312 1277 3396 proprio;

227 3413 284 3476 sed
305 3412 396 3474 nulla
420 3419 575 3489 ereatura,
593 3417 669 3477 ante
692 3412 825 3476 initium
845 3412 1008 3497 temporis,
1025 3413 1143 3475 habuit
1158 3435 1226 3477 esse
1243 3414 1276 3475 in

226 3536 344 3599 genere
368 3516 520 3600 proprio;
554 3538 631 3601 ergo
661 3520 738 3578 ante
769 3536 863 3577 omne
894 3520 1031 3598 tempus,
1056 3514 1111 3577 vel
1141 3515 1276 3578 initium

227 3619 390 3704 temporis,
406 3618 498 3681 nulla
520 3624 668 3683 ereatura
694 3616 811 3679 habuit
833 3614 992 3691 existere3
1015 3615 1072 3678 sed
1095 3637 1154 3699 per
1178 3616 1278 3678 dura-

226 3720 348 3783 tionem
379 3720 542 3781 infinitam
573 3723 649 3782 ante
680 3739 774 3781 omne
804 3722 934 3800 tempus
964 3715 1054 3778 Deus
1084 3716 1279 3780 intuebatur

226 3841 354 3881 omnem
370 3824 559 3892 ereaturam,
583 3839 659 3901 ergo
675 3819 813 3881 existere
837 3821 993 3881 ereatruae
1008 3817 1050 3880 uri
1064 3816 1276 3882 intuitionem

225 3916 299 3991 Dei,
315 3938 374 4000 pro
389 3918 502 3980 eadem
517 3939 676 3992 mensura,
695 3923 744 3981 est
760 3919 891 3981 omnino
907 3918 1127 4003 impertinens

269 4022 298 4081 5.
322 4017 484 4080 Praeterea
513 4018 554 4079 ad
581 4018 667 4081 idem
694 4020 843 4103 arguitur
869 4019 922 4082 sie
978 4018 1128 4103 Amplior
1155 4024 1189 4082 et
1215 4019 1278 4082 im·

223 4118 365 4182 mensior
402 4123 452 4180 est
485 4118 618 4181 intuitio
652 4118 723 4193 Dei,
758 4139 856 4202 quam
892 4120 1002 4203 aliqua
1041 4120 1125 4182 visio
1163 4121 1277 4183 activa

223 4223 380 4282 oreaturae
412 4239 479 4282 esse
510 4223 637 4302 potest3
670 4220 726 4283 sed
752 4220 830 4283 satis
860 4222 1012 4305 possibile
1039 4226 1089 4284 est
1120 4222 1273 4305 angelum
