3158 5490
294 717 360 784 364
604 730 785 784 rmcrcuur
807 729 1031 785 zrzmronun

295 918 427 983 deberet
464 939 532 982 esse
566 938 648 1004 opus
697 915 872 1003 procedens
918 915 961 981 ab
999 914 1069 980 elta
1107 914 1261 983 caritate
1307 916 1349 981 Et

293 1019 436 1105 perfecta
450 1018 569 1083 caritas
593 1017 718 1104 excipit
741 1017 868 1081 nullam
891 1037 1073 1103 personam,
1098 1016 1190 1102 qnia,
1215 1016 1349 1104 Dilipeo

289 1117 493 1204 proximum
518 1125 620 1185 trium
641 1118 733 1184 sicut
755 1116 927 1204 tcipauuc¹
974 1116 1187 1203 Quapropter
1215 1123 1350 1206 apparet

293 1220 388 1284 nobis
417 1220 505 1305 quod
530 1221 653 1285 donum
682 1219 761 1284 boni
792 1217 981 1306 temporalis
1010 1217 1171 1283 collatum
1202 1219 1349 1285 sacerdo·

292 1320 390 1397 tibus,
419 1327 453 1385 et
476 1321 754 1408 eleemosynarum
777 1320 936 1394 domibus,
961 1324 1012 1384 est
1034 1318 1221 1405 principale
1247 1319 1348 1386 oonsi-

293 1420 373 1485 lium
397 1421 543 1506 specialis
567 1421 731 1499 orationis,
757 1443 831 1506 quse
856 1442 923 1484 non
943 1424 993 1485 est
1016 1419 1113 1506 longe
1138 1442 1162 1484 a
1184 1420 1334 1485 simonia

337 1521 414 1586 Alia
436 1522 524 1587 enim
550 1523 636 1588 ratio
666 1528 724 1600 est,
749 1521 828 1607 quia
853 1519 1019 1608 specialis⁹
1040 1520 1150 1586 oratio
1172 1520 1266 1587 fucta
1286 1542 1345 1609 pro

292 1621 479 1688 hominibus
509 1623 673 1689 damnatis
699 1624 742 1688 od
768 1623 999 1709 sempiternam
1028 1642 1174 1709 poenam,
1200 1627 1255 1688 est
1279 1622 1347 1689 Dco

291 1725 433 1790 multum
459 1725 637 1810 displicens
683 1725 729 1789 Et
756 1723 908 1809 quamvis
933 1725 978 1788 sit
1001 1723 1150 1801 dubium,
1167 1724 1346 1789 verisimile

291 1831 341 1890 est
370 1827 460 1890 fideli
498 1826 616 1913 populo
638 1826 817 1891 christiano
840 1827 928 1912 quod
950 1825 1143 1890 fundatores
1167 1825 1346 1911 eleemosy-

291 1948 406 1992 narum
446 1929 568 2006 domus,
600 1933 733 2019 propter
769 1950 862 1991 suam
892 1948 1088 1992 venenosam
1127 1927 1344 2003 dotationem,

290 2034 368 2092 sunt
391 2050 450 2114 pro
474 2030 589 2114 majori
613 2035 706 2115 parte
729 2029 919 2115 pertransiti
947 2029 1048 2092 latam
1072 2027 1173 2092 viam.

335 2128 551 2194 Corellarium
566 2136 622 2195 est.
670 2130 785 2196 Oratio
807 2130 930 2195 valoris
951 2130 1128 2216 procedens
1143 2152 1189 2194 ex
1205 2129 1344 2196 cantate

290 2230 433 2315 perfecte
455 2232 657 2317 amplexaret
679 2232 715 2295 in
736 2232 881 2319 generali
904 2253 1015 2297 omnes
1029 2252 1112 2317 quos
1126 2231 1223 2298 Deus
1245 2232 1345 2298 vellet

291 2330 409 2396 habere
439 2333 604 2398 salvatos:
645 2339 679 2398 et
717 2332 899 2399 dimitteret
928 2331 1039 2399 viam³
1067 2333 1231 2400 usitatum
1261 2356 1344 2399 mar·

291 2434 454 2498 candisam
493 2457 551 2521 pro
588 2434 797 2521 specialibus⁴
827 2435 1030 2501 orationibus
1059 2435 1183 2500 factem
1219 2436 1343 2502 mendi·

290 2536 440 2600 cantibus
461 2536 714 2622 possessionatis‚
731 2542 766 2602 et
780 2536 853 2602 aliis
868 2537 1088 2603 sacerdotibus
1110 2538 1344 2615 conductitiis;

208 2642 211 2647 '
290 2638 347 2720 qui
371 2644 448 2703 sunt
469 2634 624 2724 populus⁶
647 2638 758 2724 magni
779 2638 883 2725 operis
904 2638 967 2704 toti
987 2661 1087 2725 regno
1110 2636 1344 2706 manutentus⁸

118 3326 228 3392 Agsiust

118 3392 230 3458 pilgrim-

117 3472 184 3522 ⁸8²⁸,

116 3541 227 3592 Pmym,

116 3594 248 3646 audouer-

116 3656 174 3722 ings
184 3667 211 3710 to

288 2739 324 2803 in
348 2740 536 2805 otiositate:
576 2739 654 2826 quia
679 2740 745 2805 fuit
770 2742 943 2826 probatum
971 2741 1007 2805 in
1030 2763 1096 2806 unc
1127 2741 1215 2807 libro
1246 2765 1342 2828 quem

287 2863 346 2904 rex
373 2841 499 2917 habuit,
527 2843 615 2927 quod
639 2848 770 2907 centum
796 2842 911 2908 domus
941 2843 1224 2929 eleemosynarum
1255 2843 1343 2910 suffi-

287 2942 378 3010 ciunt
408 2949 480 3009 toto
511 2966 631 3030 regn0;
663 2949 697 3008 et
721 2965 763 3008 ex
789 2945 849 3010 hoc
874 2945 1061 3030 proveniret
1085 2943 1209 3032 magis⁷
1240 2947 1341 3012 incre-

286 3051 435 3109 mentum
459 3045 611 3132 possibile
633 3045 804 3133 temporali
827 3046 921 3133 parti

758 3210 857 3275 VIII.

329 3334 425 3416 Quod
452 3334 734 3422 peregrinationes,
767 3337 937 3413 omtiones,
970 3343 1004 3402 et
1027 3336 1211 3402 oblationes
1243 3338 1337 3404 lactc

284 3437 376 3502 caecis
398 3437 546 3502 crucibus
568 3437 637 3502 sive
652 3436 776 3522 rorigus?
792 3444 825 3503 et
848 3438 954 3503 surdis
976 3438 1176 3524 imaginibus
1191 3439 1233 3504 de
1249 3440 1338 3527 ligno

284 3544 318 3603 et
340 3538 455 3624 lapide,
479 3545 558 3604 sunt
580 3561 679 3625 prope
709 3538 977 3626 consanguineae⁰
999 3541 1043 3606 nd
1074 3539 1275 3615 idolatriam,
1303 3546 1337 3606 et

284 3642 379 3727 longe
409 3641 451 3705 nb
481 3641 691 3726 eleemosyna
753 3641 799 3706 Et
837 3642 987 3726 quamvis
1024 3642 1089 3706 ista
1126 3640 1273 3707 inhibita
1303 3648 1337 3707 et

116 3738 210 3776 Μ’
225 3744 255 3779 ⁰¹’
284 3743 476 3828 imaginaria
522 3742 609 3817 sint,
638 3742 722 3807 liber
758 3743 874 3808 erroris
911 3743 1031 3829 populo
1069 3743 1186 3821 laicali,
1227 3744 1335 3808 adhue

116 3788 217 3857 imeres.

282 3845 390 3930 inrogo
417 3844 538 3908 usualis
562 3845 602 3908 de
628 3843 791 3909 Trinitate
822 3851 872 3909 cst
896 3845 1039 3909 uranium
1069 3844 1313 3909 abominabilis.

327 3946 431 4010 Istum
453 3945 688 4011 conclusionem
713 3945 802 4010 Deus
824 3952 936 4032 aperte
959 3945 1112 4020 ostendit,
1140 3947 1334 4033 praecipiens

287 4136 439 4145 ——-

317 4259 324 4290 ¹
335 4257 397 4310 Mat.
417 4257 471 4308 xix.
491 4263 528 4310 19.
858 4255 1044 4322 ‘muuunth
1057 4256 1208 4317 metenti,
1221 4256 1301 4308 erk.

313 4341 323 4368 ¹
333 4337 462 4403 speciales]
480 4336 625 4402 spiritualis,
634 4336 712 4387 wilk.
858 4335 967 4402 lirinum]
981 4335 1070 4399 annr,
1082 4333 1162 4385 wilk.

315 4419 325 4447 ⁸
338 4417 413 4482 ciunt]
433 4416 511 4478 illam,
523 4417 603 4466 wilk.
857 4415 960 4481 'rodys]
974 4414 1050 4474 rodis,
1063 4414 1097 4463 A.

312 4493 489 4560 *sper-iulittae]
503 4494 679 4560 spiritualibus,
691 4493 769 4544 Wilk.
855 4491 1067 4558 'consumam
1086 4493 1278 4558 consanguinei,
1296 4493 1330 4553 A,

312 4571 446 4639 'populum
481 4574 580 4638 pupulo,
615 4573 648 4633 G,
683 4573 775 4623 second
821 4572 854 4623 G.

278 4652 352 4714 hand,
363 4650 442 4703 wilk.
