3158 5490
578 743 757 796 rescrcunr
780 742 1003 796 zrznnronuu.
1251 729 1315 796 385

257 929 401 998 ‚concede
431 931 491 998 hoo
517 939 635 1019 aperte.
682 934 727 999 Et
753 935 782 999 si
809 939 935 1019 quaerat
959 956 1002 999 an
1025 935 1070 1000 sit
1096 934 1189 1020 ponis
1213 939 1315 999 mate-

263 1033 362 1114 rialis,
401 1040 461 1098 aut
495 1036 567 1120 quis
608 1035 691 1101 alius
725 1037 831 1122 ‚panis
862 1036 998 1102 concede
1029 1036 1117 1123 quod
1147 1041 1197 1100 est
1221 1036 1315 1121 panis

262 1134 348 1213 talia,
371 1136 499 1221 qualem
532 1137 683 1202 Christus
707 1137 872 1203 intellexit
903 1138 939 1202 in
971 1138 1100 1224 proprio
1123 1138 1223 1202 verbo
1246 1158 1313 1213 suo,

264 1241 298 1302 et
327 1237 404 1302 talis
441 1239 534 1323 panis
572 1239 702 1324 qualem
740 1238 883 1326 Spiritus
918 1238 1057 1305 Sanctus
1092 1239 1256 1304 intellexit
1280 1241 1315 1303 in

264 1336 296 1404 S.
336 1337 437 1404 Paulo
470 1346 608 1407 vocante
642 1341 725 1406 illud
757 1342 918 1407 veraciter
946 1363 1064 1428 panem
1098 1363 1195 1427 quem
1227 1341 1315 1406 fran-

261 1440 391 1529 gimns;
429 1447 463 1506 et
492 1465 558 1506 non
589 1442 689 1507 vadas
719 1444 856 1509 ulterius
886 1443 946 1508 hic.
993 1442 1029 1507 Si
1055 1449 1164 1508 autem
1187 1446 1314 1528 quaerat

262 1564 283 1611 o
302 1548 337 1608 te
354 1544 516 1630 quomodo
542 1545 595 1611 hio
620 1546 713 1633 panis
732 1551 782 1610 est
805 1567 919 1632 corpus
947 1545 1080 1622 Ohristi,
1106 1545 1158 1611 dic
1181 1551 1229 1621 tu,
1253 1546 1314 1610 tali

261 1666 339 1711 vero
359 1647 455 1712 modo
481 1646 611 1733 qualem
635 1647 785 1713 Obrutus
809 1645 985 1734 intelligit,¹
1014 1648 1072 1732 qui
1095 1652 1144 1712 est
1167 1646 1313 1731 omnipo·

262 1751 336 1812 tens
366 1752 400 1814 et
429 1753 520 1815 totus
549 1772 659 1826 verax,
694 1755 728 1816 et
762 1749 894 1814 mentiri
926 1771 993 1814 non
1024 1753 1138 1836 potest
1185 1748 1248 1813 Dic
1274 1754 1313 1814 tu

262 1851 370 1927 etiam,
398 1851 482 1917 siout
505 1853 610 1918 sancti
634 1853 779 1918 doctores
803 1852 925 1930 dicunt,
949 1853 1037 1938 quod
1060 1851 1222 1916 terrestris
1244 1874 1313 1916 ma-

261 1952 346 2018 teria
368 1954 422 2019 vel
445 1955 630 2020 substantia
658 1961 767 2042 potest
792 1954 940 2020 converti
963 1955 999 2019 in
1026 1953 1202 2033 Christum,
1227 1955 1312 2022 siout

261 2076 408 2144 paganus
446 2057 499 2121 vel
536 2056 677 2122 infidelis
723 2063 833 2143 potest
875 2056 1046 2143 baptizari,
1087 2060 1121 2122 et
1158 2079 1215 2143 per
1251 2055 1312 2122 hoo

262 2158 409 2222 converti
435 2158 651 2244 spiritualiter
678 2160 713 2223 in
739 2159 922 2224 membrum
949 2157 1080 2235 Christi,
1101 2163 1135 2223 et
1161 2159 1206 2223 sic
1232 2180 1312 2243 quo-

262 2258 436 2325 dammodo
458 2260 529 2325 ficri
553 2260 711 2338 Christus,
732 2267 766 2327 et
788 2261 894 2326 adhue
916 2282 1081 2326 remanere
1103 2260 1190 2326 idem
1213 2259 1310 2325 homo

260 2361 297 2425 in
327 2368 452 2426 natura
509 2361 564 2428 Sic
593 2363 681 2427 enim
711 2362 858 2428 concedit
888 2363 1092 2448 Augustinus
1122 2364 1209 2447 quod
1239 2384 1311 2448 pec-

260 2468 352 2528 cator
381 2463 617 2530 abrenuncians
640 2470 770 2551 peccato
793 2486 862 2541 suo,
884 2469 919 2528 et
941 2464 1045 2529 factus
1075 2486 1160 2528 unns
1192 2465 1311 2551 spiritu

260 2587 334 2631 cum
365 2565 434 2632 Deo
460 2567 650 2653 perfidem,
674 2565 824 2652 gratiam,
841 2571 875 2632 et
901 2566 1080 2642 caritatem,
1104 2571 1212 2651 potest
1236 2589 1311 2630 con-

259 2666 347 2732 verti
385 2668 420 2732 in
459 2666 575 2746 Deum,
615 2675 648 2734 et
686 2691 754 2734 esee
791 2667 1028 2753 quodammodo
1073 2665 1189 2747 Deua,⁹
1226 2669 1310 2734 siout
1388 2683 1390 2686 ’

263 2769 383 2835 David
408 2775 441 2835 et
473 2769 503 2835 S.
520 2770 543 2835 J
545 2770 688 2836 ohannes
718 2776 891 2847 testantur,
924 2775 958 2835 et
987 2769 1094 2835 adhuc
1124 2791 1192 2835 esse
1222 2769 1309 2835 idem

258 2855 356 2935 homo
383 2872 418 2936 in
442 2871 635 2952 substantia,
658 2878 693 2938 et
719 2877 845 2950 natura,
870 2878 903 2937 et
926 2871 1049 2936 mutari
1075 2871 1112 2936 in
1137 2870 1249 2935 anima
1275 2879 1309 2938 et

258 2973 446 3039 virtutibus.
493 2973 558 3040 Sed
587 2973 735 3040 homines
772 2972 904 3060 majoris
934 2974 1078 3039 scientiae
1109 2979 1142 3038 et
1172 2973 1309 3039 rationis

258 3080 396 3162 possunt
445 3077 589 3161 apertius
635 3076 826 3141 convincere
874 3075 1053 3140 falsitatem
1102 3074 1307 3151 Antichristi,

258 3177 295 3241 in
326 3176 389 3241 hac
420 3177 565 3254 materia,
603 3183 637 3242 et
674 3177 755 3254 aliis,
795 3199 852 3264 per
889 3176 975 3242 dona
1013 3175 1155 3262 Spiritus
1195 3175 1309 3241 Sancti

259 3279 424 3364 operantis
454 3278 490 3343 in
521 3280 574 3344 eis
632 3278 668 3343 Si
699 3285 811 3344 tamen
841 3278 1001 3364 simplices
1035 3277 1141 3342 velint
1178 3277 1223 3341 sio
1260 3281 1308 3341 te-

259 3400 336 3444 nere
361 3378 529 3444 humiliter
551 3387 664 3466 aperta
692 3381 794 3446 verba
819 3402 917 3445 sacrae
941 3379 1127 3465 Scripturac,
1152 3384 1186 3443 et
1211 3399 1307 3464 gene-

258 3482 359 3546 mlem
397 3483 602 3560 sententiam,
635 3504 709 3547 cum
740 3483 910 3547 intellectu
944 3480 1088 3567 Spiritus
1120 3479 1242 3557 Sancti,
1275 3486 1308 3544 εὴ

258 3604 327 3647 non
363 3584 450 3648 ultra
487 3585 665 3670 procedere,
702 3585 759 3649 sed
797 3584 1000 3649 committere
1032 3582 1203 3649 humiliter
1234 3581 1308 3668 Spi-

258 3685 339 3749 ritui
374 3685 493 3751 Sancto
531 3687 614 3751 illud
651 3687 740 3772 quod
776 3709 906 3752 sensum
943 3708 1056 3751 eorum
1092 3684 1304 3761 transcendit,
1332 3735 1336 3741 .

257 3793 338 3852 tnnc
367 3795 504 3872 possunt
534 3789 579 3854 aie
605 3810 716 3855 secure
743 3789 834 3868 mori,
865 3795 905 3853 ut
934 3789 1004 3855 veri
1036 3793 1199 3874 martyres
1225 3786 1249 3852 J
1251 3809 1306 3855 esu

259 3888 394 3957 Christi.

292 4346 368 4396 ‘The
384 4345 514 4410 following
530 4347 614 4397 rubrio
626 4347 647 4396 is
658 4348 758 4399 written
804 4348 945 4412 “deceptos
973 4345 999 4397 in
1027 4345 1131 4397 materia
1156 4347 1187 4397 de
1215 4345 1305 4397 eucha-

257 4426 285 4476 in
302 4428 344 4476 the
360 4425 415 4476 MS.
437 4431 463 4475 at
481 4424 523 4474 the
541 4425 594 4476 soot
611 4427 641 4475 os
656 4427 698 4477 the
716 4442 758 4477 co·
804 4431 819 4454 ‘⁸
831 4425 923 4477 risun”

258 4504 472 4554 lunam—“Nota
496 4504 538 4553 hie
560 4505 672 4570 superius
698 4521 759 4571 qno·
849 4504 959 4570 ¹Deu]
972 4503 1084 4569 Perhaps
1094 4505 1137 4555 the
1147 4504 1273 4555 reference
1284 4503 1305 4552 is

257 4589 272 4615 ‘¹
284 4583 501 4636 modoLollurdue
513 4583 631 4634 informat
647 4600 759 4649 percum
804 4593 830 4634 to
852 4583 920 4649 Aug.
939 4584 970 4632 de
995 4582 1088 4634 Genesi
1110 4584 1142 4633 ad
1164 4583 1262 4632 literam
1285 4594 1304 4630 1.

804 4677 826 4714 c.
838 4668 862 4724 4,
875 4667 897 4712 ⁵.

1158 4753 1216 4802 BB
