3008 5490
181 715 228 780 72
493 727 674 779 rusuoun
696 727 926 780 mmom.

12 904 130 986 ¹³⁵!sp
228 912 268 977 V.
291 912 416 993 Quinto
431 913 467 977 in
481 915 594 979 eedem
608 915 747 979 metuis
759 914 871 1000 arguit
884 913 1008 980 Dootor
1032 912 1087 980 sie
1134 913 1244 982 Omne

12 973 136 1090 iiiam&
184 1016 388 1102 praeteiitum
399 1015 452 1079 vel
466 1015 617 1080 futurum
626 1020 677 1081 est
689 1038 832 1102 plaesens
846 1016 926 1094 Deo,
938 1022 973 1082 et
987 1016 1017 1081 si
1031 1022 1083 1081 est
1097 1039 1243 1103 praesens

12 1105 134 1183 thecam
184 1116 272 1181 Deo¹
298 1123 378 1182 tuno
409 1123 459 1182 est
495 1139 655 1203 pressens3
694 1139 771 1204 ergo
808 1138 904 1184 omne
940 1118 1148 1204 praetexitum
1185 1119 1242 1184 vel

183 1219 332 1283 futurum
357 1225 408 1284 est
432 1238 581 1305 praesens
627 1221 673 1284 Et
699 1220 848 1306 sequitur
860 1243 870 1299 ;
903 1223 954 1284 est
979 1240 1131 1304 praesens,
1161 1240 1240 1306 ergo

182 1326 254 1400 est3
277 1343 352 1385 cum
374 1321 436 1386 iste
457 1322 617 1386 terminus
631 1343 773 1407 praesens
794 1320 921 1386 nonsit
943 1321 1108 1385 terminus
1122 1320 1246 1386 distm-

182 1423 283 1502 hens;
299 1445 374 1510 ergo
389 1445 485 1489 omne
498 1423 702 1509 piaeteritum
713 1422 768 1487 vel
781 1421 937 1499 futurum,
950 1427 1007 1486 est
1054 1421 1242 1487 Confirmat

13 1178 90 1235 pomt-

182 1526 274 1591 istud
302 1548 360 1612 per
383 1525 506 1590 dietum
537 1525 574 1588 B.
604 1524 786 1610 Augustini
811 1524 847 1587 in
870 1523 922 1588 De
946 1522 1092 1588 videndo
1119 1522 1237 1599 Deum,

181 1649 250 1713 cap.
267 1628 315 1705 22,
331 1626 391 1691 ubi
406 1627 637 1714 etymologizut
653 1625 866 1712 Augustinus
898 1634 916 1661 ‘¹
927 1622 1105 1699 Pmsensj’
1120 1623 1238 1710 inquit

182 1731 332 1796 “dicitur
352 1728 465 1816 quasi³
481 1733 600 1815 ponto
622 1748 695 1792 sum
723 1726 871 1792 sensibus
885 1723 913 1806 ;’'
936 1731 971 1791 et
993 1725 1024 1790 si
1045 1729 1098 1791 est
1118 1731 1240 1811 praesto

182 1832 338 1907 sensibus,
362 1837 442 1896 tuno
466 1836 523 1895 est.

227 1933 292 1996 Pro
324 1934 388 1996 isto
424 1930 487 1996 feci
520 1932 600 1995 alies
634 1930 876 1996 distinctionem
914 1930 956 1995 de
992 1929 1057 1994 isto
1095 1929 1238 1995 termino

181 2055 330 2119 praesens,
355 2055 392 2097 eo
413 2034 501 2118 quod
515 2054 582 2097 uno
608 2033 705 2097 modo
731 2033 888 2118 accipitur
907 2033 944 2096 in
958 2031 1086 2096 ratione
1101 2031 1236 2106 essendi,

181 2135 246 2198 alio
260 2134 357 2197 modo
371 2133 407 2195 in
429 2133 555 2197 ratione
579 2134 798 2220 cognoscendi
844 2132 890 2199 Et
912 2134 953 2199 de
976 2133 1118 2198 secundo
1139 2133 1239 2198 modo

181 2233 253 2298 dixi
268 2233 356 2317 quod
376 2255 444 2298 non
463 2234 619 2318 sequitur,
637 2235 698 2299 Est
712 2256 854 2320 praesens
865 2235 946 2309 Deo,
963 2256 1039 2320 ergo
1061 2239 1119 2298 est
1165 2234 1238 2299 Neo

180 2341 293 2400 tamen
316 2339 365 2399 est
391 2335 453 2399 iste
475 2337 635 2400 teminus
666 2359 807 2423 praesens
837 2337 965 2423 proprie
986 2335 1148 2421 loquendo
1171 2335 1240 2400 dis·

181 2435 321 2514 trahens,
359 2437 415 2501 sed
452 2437 562 2523 potius
599 2439 817 2523 ampliativus,
856 2439 940 2502 siout
976 2437 1039 2501 iste
1075 2436 1237 2502 terminus

180 2538 343 2625 possibilis
368 2538 422 2603 vel
446 2539 602 2626 cognitus
636 2539 734 2604 Unde
761 2539 845 2604 sicut
874 2561 941 2604 non
970 2539 1129 2622 sequitur,
1152 2539 1240 2603 anti·

181 2641 322 2706 ohiistus
344 2647 393 2706 est
408 2641 570 2728 possibilis
596 2640 649 2705 vel
665 2641 814 2726 cognitus
837 2639 916 2717 Dee,
933 2661 1009 2726 ergo
1024 2639 1237 2705 antiehxistus

182 2750 252 2823 est;
285 2743 334 2808 ita
359 2766 418 2809 neo
442 2743 598 2828 sequitur,
626 2765 649 2807 o
673 2749 722 2806 est
748 2764 889 2828 praesens
913 2740 992 2817 Deo,
1020 2763 1098 2826 e1go
1122 2747 1182 2806 est

228 2845 397 2924 Quantum
413 2867 490 2910 vero
499 2845 542 2909 ad
557 2843 834 2908 confirmationem
850 2844 886 2907 Β.
902 2842 1091 2929 Augustini,
1107 2846 1240 2907 oonstet

183 2947 270 3031 quod
298 2947 508 3032 Augustinus
531 2946 577 3009 ibi
593 2945 737 3029 loquitur
758 2944 847 3030 large
870 2945 910 3009 de
933 2944 1088 3020 sensibus,
1116 2966 1236 3009 vooens

181 3069 310 3112 sensum
323 3071 389 3113 non
401 3050 504 3113 solum
517 3047 710 3112 exteiiorem
726 3048 952 3131 coguitionem,
966 3047 1022 3111 sed
1038 3046 1234 3121 interiolem,

182 3168 256 3231 quae
272 3152 314 3213 od
329 3151 472 3213 animam
487 3150 637 3234 peitinet,
654 3171 712 3212 seu
728 3148 937 3212 intellectum.
978 3148 1077 3212 Unde
1092 3149 1139 3212 sie
1155 3148 1236 3212 dicit

180 3247 311 3312 ibidem.
352 3261 369 3284 “
381 3248 590 3325 Praesentia,’'
606 3251 722 3335 inquit,
738 3259 754 3283 “
765 3250 919 3313 dicuntur
932 3272 1005 3334 quae
1021 3254 1141 3334 praesto
1157 3257 1235 3313 sunt

180 3349 335 3420 sensibus,
360 3350 463 3412 animi
478 3351 530 3413 vel
553 3353 714 3434 001p0ris;
739 3352 816 3434 quia
838 3374 905 3415 non
927 3350 1031 3414 solum
1054 3351 1153 3427 entia,
1178 3351 1234 3414 sed

181 3452 216 3511 et
232 3470 297 3510 non
312 3449 401 3511 entia
416 3455 531 3533 patent
555 3453 662 3514 sensui
686 3452 806 3530 divino,
823 3453 944 3517 scilieet
970 3452 1151 3516 intellectui
1177 3474 1234 3517 seu

180 3549 357 3635 cognitioni
384 3550 554 3634 ejusdem.”

226 3652 306 3716 Ideo
336 3652 435 3716 etium
466 3675 533 3717 non
563 3654 652 3717 entia
681 3661 759 3719 sunt
789 3655 963 3740 praesentia
1000 3655 1079 3730 Dee,
1120 3660 1154 3718 et
1188 3656 1234 3719 sie

181 3759 337 3817 ereaturoe
376 3759 513 3837 possunt
550 3776 616 3818 esse
654 3758 835 3840 praesentio,
874 3757 996 3821 seilicet
1034 3757 1068 3819 in
1106 3757 1234 3821 ratione

181 3855 400 3937 cognoscendi,
437 3856 472 3918 in
506 3856 628 3920 lumine
666 3859 927 3943 supernaturali;
962 3879 1003 3922 ex
1037 3880 1103 3942 quo
1140 3865 1234 3944 patet

180 3974 351 4038 responsio.

215 4260 222 4288 ¹
235 4256 360 4322 et-Deo]
379 4258 451 4309 twice
462 4258 489 4309 in
500 4260 557 4311 MS.
765 4262 869 4326 ⁸qnusi]
890 4261 955 4325 quia,
967 4262 1023 4312 MS.

213 4336 264 4400 ²2]
276 4342 297 4391 6,
303 4336 358 4386 MS.
389 4337 498 4402 August.
506 4338 584 4403 Epist
596 4342 641 4389 147
650 4340 681 4387 ad

180 4413 323 4464 Paulinum.
