3008 5490
559 728 739 779 rsscrcom
761 724 984 777 zrzsnronnm
1210 711 1273 774 395

221 917 450 994 Ecclesisrum
474 918 627 986 videlicet
650 920 831 1006 capitulum
853 918 935 984 Non
956 916 1086 993 eniens,
1104 923 1138 981 et
1152 916 1276 1002 cnpitu-

220 1019 294 1086 lum
326 1020 524 1102 Adversus,¹
548 1022 627 1107 quin
652 1027 805 1088 statuunt
828 1021 916 1107 quod
938 1020 1062 1086 domini
1084 1019 1277 1105 temporales

221 1144 292 1189 non
315 1123 452 1211 exigant
483 1124 686 1191 dominative
719 1124 856 1212 tnllcgia
877 1124 931 1190 vcl
954 1124 1093 1189 decimos
1115 1122 1158 1187 nb
1180 1121 1277 1187 eccle-

221 1225 365 1294 siasticis
386 1227 542 1314 personis.

728 1417 787 1484 IX.

272 1561 325 1632 De
347 1565 545 1633 correctione
567 1560 645 1632 cleri
667 1564 755 1642 dicit,
1290 1571 1419 1624 nerone

272 1672 301 1733 1.
325 1668 422 1750 Quod
445 1692 503 1756 per
525 1669 629 1757 legem
651 1669 714 1733 Dei
730 1674 764 1734 et
779 1690 836 1755 per
858 1669 1025 1743 rationem,
1043 1689 1102 1732 rex
1117 1672 1152 1732 et
1166 1687 1277 1731 omnes
1289 1640 1429 1756 congestior

223 1768 396 1837 christiani
418 1777 554 1858 possunt
580 1770 669 1836 licite
701 1769 920 1836 intromittere
943 1770 984 1835 de
1007 1768 1115 1846 Italia,
1146 1775 1180 1834 et
1211 1774 1383 1838 om-clerst·

222 1871 325 1939 nibus
346 1873 436 1939 falsis
458 1872 657 1960 presbyteris
680 1880 714 1939 et
737 1871 858 1938 clericis
880 1874 916 1937 in
940 1872 1061 1949 endem,
1079 1877 1113 1936 et
1128 1871 1277 1951 reducere

223 1974 299 2041 illos
322 1974 365 2041 sd
388 1976 545 2041 humilem
568 1974 806 2042 ordinationem
828 1972 851 2041 J
853 1996 909 2041 esu
933 1974 1064 2041 Clnisti.

271 2080 301 2145 2.
326 2078 413 2145 Item
445 2078 533 2164 quod
562 2078 616 2144 lex
647 2078 798 2144 silvestri
831 2098 933 2165 popm,
970 2099 1044 2163 qum
1076 2076 1209 2165 ponitur
1240 2093 1275 2143 11.

224 2198 279 2267 qu
305 2182 334 2257 5,
359 2201 425 2267 cap.
449 2178 593 2257 Praesui,
620 2186 654 2246 et
676 2203 741 2267 cap.
758 2176 930 2256 Nullam?
952 2180 1115 2245 contraris
1137 2186 1186 2246 est
1213 2179 1278 2266 legi

225 2280 362 2363 Christi,
400 2289 434 2348 et
475 2284 607 2370 utrique
645 2282 862 2348 Testamento.
933 2282 978 2347 Et
1004 2284 1073 2369 ipse
1111 2282 1276 2359 Silvesten

224 2384 386 2472 superbus
416 2390 450 2449 ct
480 2385 681 2465 ambitiosus,
704 2406 762 2471 per
792 2385 883 2448 illam
913 2383 1017 2471 legem
1047 2384 1093 2449 sic
1115 2383 1280 2449 dominos³

225 2486 375 2575 protexit
412 2486 599 2568 cardinales
632 2486 689 2573 qui
715 2509 782 2552 non
812 2492 890 2551 sunt
919 2486 1104 2551 fundabilcs
1136 2487 1171 2549 in
1210 2485 1280 2571 lege

226 2586 362 2668 Christi,
378 2590 466 2675 quod
488 2590 675 2654 nullatenus
698 2593 834 2675 possunt
856 2588 1012 2665 convinci,
1039 2586 1281 2674 qunntrunlibet

225 2690 352 2771 fuerint
376 2692 488 2758 vitiosi
511 2698 544 2758 et
567 2692 652 2756 maii.

273 2794 301 2858 3.
327 2792 415 2859 Item
439 2792 467 2859 si
489 2790 638 2860 Christus
661 2791 818 2859 sustinuit
840 2791 1003 2880 judicium
1024 2791 1173 2879 judicum
1200 2798 1281 2857 tern-

228 2895 391 2982 poralium
423 2895 629 2982 injnntnmm,
654 2896 802 2962 moderni
835 2896 1018 2961 mundiales
1041 2895 1169 2982 praelati
1191 2916 1282 2981 mog·

227 2996 366 3063 nificant
396 2998 516 3084 scipsos
545 2997 634 3063 ultre
665 2998 834 3064 Christum
869 3003 903 3063 ct
934 2998 1003 3084 ejus
1030 2997 1199 3083 apostolos
1223 2995 1280 3082 qui

224 3098 414 3185 hnjusmodi
432 3099 558 3185 judicie
580 3106 736 3165 recusent.

274 3206 302 3266 4.
328 3201 414 3267 Item
437 3202 525 3288 quod
556 3202 724 3268 decretalis
755 3201 812 3266 illa
839 3202 879 3267 de
911 3200 1188 3276 Amsationitm
1213 3222 1279 3285 esp.

229 3300 377 3387 Quando
413 3311 442 3370 ct
472 3301 643 3392 qualite-13⁴
673 3327 746 3391 quse
777 3304 929 3391 prohibet
959 3304 1088 3368 clericos
1119 3301 1206 3366 trahi
1237 3300 1280 3365 od

224 3406 388 3493 judicium
418 3406 568 3487 seculare,
599 3407 746 3473 continet
782 3406 941 3486 haeresim,
975 3404 1208 3491 blasphemiam
1246 3408 1280 3467 et

229 3530 391 3586 errorem;
436 3516 471 3574 et
500 3509 579 3574 feeit
601 3507 794 3574 antichristo
816 3528 972 3595 mngnum
994 3506 1119 3572 lucrum
1143 3510 1177 3571 et
1206 3526 1280 3570 con-

228 3617 388 3696 questum.

274 3716 302 3778 5.
327 3712 414 3778 Item
453 3713 541 3800 quod
578 3712 747 3780 christiani
785 3734 876 3800 reges
914 3719 948 3778 et
986 3709 1110 3777 domini
1160 3709 1281 3776 debent

230 3815 413 3881 exclamare
439 3815 475 3880 in
504 3838 624 3904 papam
655 3823 689 3881 et
719 3817 789 3903 ejus
813 3815 965 3892 fautores,
999 3821 1033 3879 ct
1062 3813 1204 3899 relegare
1228 3835 1282 3877 eos

228 3918 269 3983 de
295 3917 391 3983 terris
417 3917 492 3994 suis,
521 3919 621 3984 donec
651 3918 755 3984 velint
783 3918 914 3983 obedire
939 3918 1019 3997 Deo,
1043 3923 1077 3981 et
1101 3915 1281 4004 evangelio,

227 4024 262 4085 et
284 4018 469 4085 christianis
493 4021 632 4108 regibus,
660 4026 694 4085 et
718 4019 839 4086 divinis
866 4019 1033 4084 ministris.

561 4224 1004 4234 -—-—--———.-
1182 4225 1272 4233 —

262 4347 269 4380 ¹
282 4350 381 4402 Dscrot
392 4349 468 4417 Greg.
479 4350 527 4401 IX.
539 4350 581 4401 lib.
594 4363 635 4402 111.
644 4347 681 4401 tit.
690 4355 730 4410 ⁴9,
812 4348 950 4417 'donatum
972 4351 1041 4410 duos,
1059 4349 1123 4412 MS,
1138 4350 1235 4401 instead
1253 4351 1284 4401 of

226 4436 381 4576 mim„
391 4542 425 4553 -
436 4508 552 4576 Nullan]
571 4508 627 4560 The
654 4508 731 4559 refer·
777 4432 930 4562 dunel->eom
947 4510 1024 4577 Grcg.
1041 4510 1090 4562 IX„
1108 4510 1151 4561 un
1163 4522 1189 4560 r.
1206 4509 1245 4562 tir.
1259 4515 1280 4571 l,

227 4604 301 4640 entes
321 4590 411 4640 should
430 4591 461 4640 be
476 4603 507 4641 ιι.
520 4604 561 4653 qu.
579 4595 603 4646 4,
622 4587 732 4648 Ρναιιιὶς
777 4605 830 4656 csp.
846 4595 884 4653 17,
900 4588 1013 4650 Qualiter
1024 4599 1046 4640 et
1058 4589 1160 4654 qrtcndo.

227 4682 257 4720 u.
270 4684 311 4735 qn.
325 4673 349 4728 7,
361 4666 453 4719 Nullus
464 4667 549 4720 nicus
