3158 5490
256 669 304 742 78
571 684 754 735 mscrcum
776 683 1001 736 zrzaruoauie

261 878 312 939 est
335 871 426 936 Deus
452 877 486 936 et
500 873 606 952 homo,
628 877 662 938 et
684 894 742 959 per
763 893 961 958 consequens
982 871 1315 952 summum'bonum3

262 975 474 1041 conclusionis
489 981 601 1040 tamen
616 976 717 1040 illatae
739 974 900 1061 Magister
913 980 1007 1040 tenet
1020 975 1213 1061 oppositum.

94 1092 210 1159 wyslifs
317 1076 384 1140 ΙΙΙ.
423 1077 533 1141 Tertio
570 1076 795 1163 principaliter
830 1076 941 1162 arguit
978 1075 1103 1142 Doctor
1139 1096 1232 1142 meus
1261 1077 1315 1143 sic

92 1160 232 1292 ffim
264 1178 349 1244 Cum
375 1178 573 1265 impossibile
598 1179 643 1244 sit
668 1180 828 1243 virtutem
861 1178 1007 1263 aliquam
1033 1179 1209 1265 quicquam
1235 1199 1317 1264 quo·

262 1280 442 1345 modolibet
464 1280 656 1345 distinctum
677 1300 875 1367 cognoscere,
890 1280 957 1345 nisi
978 1281 1023 1345 sit
1046 1281 1124 1345 dare
1146 1280 1316 1367 cognitum

263 1381 444 1467 subjective
473 1383 653 1447 terminans
683 1381 753 1467 ejus
778 1383 953 1463 notitiam3
986 1387 1088 1468 patet,
1120 1403 1194 1447 cum
1224 1381 1317 1448 Deus

263 1485 427 1570 cognoscit
454 1485 571 1563 omnia,
595 1485 684 1570 quod
708 1490 758 1549 est
782 1485 860 1548 dare
883 1484 1015 1570 cognita
1034 1504 1110 1568 quae
1129 1484 1166 1547 in
1187 1483 1316 1550 ratione

263 1584 383 1671 objecti
406 1587 584 1652 terminent
614 1587 685 1672 ejus
714 1586 876 1651 notitiam
923 1584 990 1650 Sed
1018 1584 1081 1652 hoc
1109 1606 1177 1650 non
1206 1590 1317 1671 potest

262 1687 374 1774 aliqua
410 1694 558 1754 creatura
590 1688 781 1754 immediate
817 1688 854 1751 in
891 1687 1022 1773 proprio
1058 1707 1200 1773 genem
1239 1708 1317 1775 crgo

262 1796 391 1875 oportet
406 1792 449 1856 ad
463 1792 552 1856 intra
565 1792 602 1855 in
619 1791 692 1856 Deo
715 1790 792 1855 dare
815 1789 861 1854 sic
883 1789 1016 1876 cognite
1037 1810 1113 1875 quae
1125 1789 1317 1855 immediate

260 1893 439 1957 terminent
461 1893 609 1956 divinam
631 1892 793 1957 notitiam
1418 1902 1424 1917 '

307 1993 474 2073 Quaeritur
496 2016 571 2079 ergo
594 2000 713 2069 utrum,
730 1993 908 2057 secundum
928 1992 1089 2057 rationem
1110 2012 1177 2078 qua
1189 1993 1238 2059 sie
1251 1998 1319 2059 ten

261 2095 398 2171 minant,
415 2100 494 2159 sunt
512 2094 567 2158 vel
589 2100 681 2159 nonl
726 2093 823 2173 Quod
844 2094 891 2159 sic
907 2094 1047 2174 videtur,
1064 2116 1102 2160 eo
1117 2095 1206 2180 quod
1220 2116 1318 2161 omne

261 2195 380 2260 scitum
406 2194 459 2259 vel
484 2196 660 2281 cognitum,
697 2195 735 2258 in
765 2202 928 2281 quantum
959 2195 1066 2282 hujus,
1100 2202 1150 2260 est
1179 2217 1317 2279 verum3

261 2317 356 2361 omne
379 2297 424 2360 sic
445 2297 626 2361 terminans
649 2297 796 2362 divinam
818 2298 982 2376 notitiam,
1013 2297 1075 2362 sub
1100 2298 1318 2384 rationeque

260 2399 313 2475 sic,
338 2404 388 2463 est
411 2399 529 2464 scitum
555 2399 609 2464 vel
630 2401 818 2486 cognitum3
843 2421 927 2487 ergo,
950 2399 1012 2464 sub
1034 2399 1161 2465 ratione
1182 2419 1250 2484 qua
1270 2400 1318 2467 sic

259 2501 425 2578 terminat,
442 2506 492 2566 est
506 2523 629 2583 verum
674 2501 753 2567 Non
775 2502 864 2565 enim
886 2501 974 2588 sapit
996 2503 1086 2588 quod
1106 2501 1234 2586 aliquid
1244 2523 1318 2589 pcr-

260 2609 360 2688 petuo
390 2604 544 2669 terminet
573 2610 643 2668 tam
674 2605 792 2668 claram
823 2603 1000 2681 scientiam,
1036 2609 1071 2668 et
1102 2608 1223 2681 tamen,
1254 2603 1317 2670 sub

259 2706 387 2771 ratione
410 2728 476 2791 qua
500 2707 545 2771 sic
567 2707 755 2784 terminans,
771 2727 839 2770 non
861 2710 931 2785 est3
961 2727 1036 2770 cum
1058 2727 1117 2770 nec
1139 2706 1317 2771 terminare

260 2828 319 2872 nec
349 2810 495 2894 cognosci
527 2810 570 2873 ad
599 2814 731 2873 tantum
763 2807 931 2893 ampliant,
964 2808 1044 2892 quin
1067 2807 1095 2872 si
1117 2807 1243 2893 aliquid
1272 2809 1318 2875 sit

260 2911 439 2974 terminans
465 2910 518 2974 vel
541 2911 718 2996 cognitum,
740 2915 821 2974 tunc
843 2910 952 2995 ipsum
974 2915 1031 2974 cst.

91 2989 218 3096 Replyto'
308 3010 390 3076 Haec
413 3018 462 3075 est
491 3013 592 3076 tertia
620 3013 705 3076 ratio
735 3011 869 3097 pulchra
899 3017 933 3076 et
961 3011 1057 3076 fortis
1086 3011 1202 3088 valde3
1237 3012 1318 3098 quia

92 3097 236 3225 ffiflffihe
262 3114 374 3177 tamen
412 3113 575 3177 concludit
606 3113 694 3197 quod
730 3113 842 3197 aliqua
878 3117 957 3177 sunt
987 3113 1022 3176 in
1053 3113 1125 3178 Deo
1154 3115 1199 3179 sd
1227 3113 1318 3179 intra

91 3237 231 3293 argument
263 3234 337 3296 quae
374 3214 563 3278 immediate
599 3215 780 3278 terminant
818 3215 888 3299 ejus
925 3215 1088 3291 notitiam,
1129 3216 1166 3278 in
1210 3216 1318 3301 primo

260 3315 437 3396 respondeo
468 3319 502 3377 et
533 3315 604 3377 dico
631 3316 720 3398 quod
742 3315 804 3379 hoc
828 3321 878 3380 est
901 3338 1016 3380 verum
1040 3318 1079 3381 de
1101 3316 1227 3381 virtute
1251 3339 1319 3383 ser·

260 3414 374 3490 monis,
407 3414 485 3497 quia
514 3415 578 3478 tn'a
616 3416 783 3501 supposita
821 3417 935 3482 divina
973 3424 1052 3483 sunt
1089 3418 1207 3503 aliqua,
1247 3420 1318 3486 sive

260 3514 378 3601 aliquae
402 3538 452 3579 res
476 3517 512 3580 in
538 3517 609 3581 Deo
632 3519 674 3581 ad
697 3518 793 3597 intra,
817 3541 893 3605 quae
914 3520 1104 3584 immediate
1135 3521 1317 3587 terminant

260 3616 408 3682 divinam
437 3619 600 3683 notitiam.
647 3618 711 3684 Sed
736 3621 815 3705 quia
850 3627 1081 3707 argumentum
1110 3643 1178 3685 non
1208 3621 1318 3687 tendit

259 3719 302 3783 ad
331 3720 414 3784 illud
442 3722 653 3806 propositum,
684 3727 846 3807 quantum
872 3743 932 3809 ego
962 3723 1114 3808 concipio,
1142 3724 1218 3788 ideo
1242 3745 1319 3810 pro·

259 3820 414 3905 pinquius
436 3825 585 3887 accedam
610 3825 652 3888 ad
676 3823 894 3889 intentionem
918 3824 1071 3910 Magistri
1094 3825 1165 3888 mei

305 3920 410 3987 Credo
425 3925 513 3988 enim
525 3927 613 4011 quod
626 3946 684 4010 per
698 3925 886 4009 hujusmodi
901 3925 1029 4010 objecta
1042 3926 1233 3991 immediata
1243 3947 1319 4013 cog·

258 4023 394 4089 nitionis
426 4027 546 4092 divinae
586 4026 743 4112 intelligit
780 4027 869 4091 ideas
906 4028 977 4091 sive
1014 4028 1157 4091 rationes
1187 4027 1317 4105 ideales,

259 4147 398 4211 quarum
410 4129 657 4194 multitudinem
672 4127 708 4191 in
718 4128 789 4192 Deo
801 4150 868 4192 non
879 4128 1035 4205 admitt03
1053 4150 1127 4192 eum
1142 4129 1211 4213 ipse
1226 4128 1318 4193 Deus

259 4228 303 4292 sit
334 4231 480 4294 omniurn
511 4254 578 4295 una
602 4232 682 4306 idea,
709 4236 742 4294 et
768 4230 911 4315 perfecta
941 4230 1131 4308 similitudo,
1157 4230 1222 4294 sibi
1254 4229 1317 4315 ipsi

258 4329 442 4414 plenissime
474 4339 707 4417 repraesentans
740 4333 855 4395 omnia
903 4331 969 4397 Sed
990 4339 1070 4396 tunc
1103 4333 1142 4397 de
1165 4331 1223 4394 illa
1245 4330 1318 4396 idea

259 4453 402 4514 quaerere
418 4455 484 4497 non
500 4438 636 4519 oportet,
652 4435 815 4518 numquid
839 4434 883 4497 sit
909 4435 963 4497 vel
986 4455 1073 4514 non;
1097 4434 1176 4517 quia
1191 4438 1316 4497 certum
1350 4466 1353 4471 ·

258 4538 308 4597 est
348 4537 436 4619 quod
473 4535 660 4599 verissime:
700 4536 728 4598 si
767 4535 853 4599 enim
892 4557 959 4599 non
997 4535 1100 4622 possit
1138 4534 1230 4599 Deus
1267 4556 1318 4598 res
