3008 5490
542 583 723 634 riscrcum
744 583 968 634 zrzmrosum
1213 571 1278 642 ris

228 773 310 840 dicit
331 772 578 848 lineolniensis,
599 777 640 836 ut
659 771 741 836 alias
765 772 889 837 dietum
912 776 971 850 est,
994 771 1082 858 quod
1103 771 1188 837 tales
1207 794 1281 859 pro-

227 875 402 962 positiones
436 872 617 958 Scripturas
640 871 696 937 vel
726 873 894 938 doctorum
906 897 915 952 ;
948 872 1057 959 quod¹
1088 872 1154 938 fuit
1182 878 1280 950 ousta,

220 976 293 1061 jam
315 981 365 1041 est
386 974 509 1040 mulier
521 972 549 1054 3¹
571 973 661 1060 quod
681 973 747 1038 fuit
767 979 863 1050 terra,
882 973 955 1058 jam
976 979 1028 1039 est
1050 973 1169 1054 homo;
1192 974 1280 1061 quod

224 1076 290 1143 fuit
303 1077 411 1153 homo,
423 1076 496 1162 jam
511 1081 562 1140 est
576 1075 657 1140 cinis
665 1098 674 1153 3
687 1073 789 1140 verse8
804 1081 889 1152 sunt,
905 1075 964 1140 sed
977 1076 1120 1162 suppleri
1144 1075 1281 1154 debent;

223 1178 310 1244 sicut
323 1184 360 1244 et
383 1178 470 1242 ists:
498 1176 588 1263 quod
610 1176 677 1242 fuit
695 1178 799 1264 panis,
818 1176 891 1262 jam
914 1184 965 1243 est
988 1199 1103 1264 eorpus
1128 1175 1280 1258 Christi3⁴

222 1300 284 1366 per
317 1278 423 1345 verba
457 1278 660 1356 mutationis,
698 1279 926 1358 eonversionis,
963 1278 1018 1344 vel
1054 1279 1281 1345 transubstan-

224 1381 340 1446 tionis

277 1481 404 1546 Omnes
433 1501 559 1566 quoque
605 1478 714 1546 alios⁶
758 1482 971 1546 auctoritates
1014 1502 1089 1567 quse
1133 1488 1282 1547 asserunt

229 1582 326 1668 quod
361 1599 476 1667 eorpm
519 1581 639 1646 dieitur
678 1583 782 1668 panis,
821 1588 856 1647 et
893 1583 1025 1669 sanguis
1062 1583 1185 1660 vinum,
1224 1588 1284 1648 aut
1390 1572 1394 1581 ’

227 1686 350 1749 vinum
374 1682 568 1770 multiplex⁰
597 1685 763 1763 mixtum3
786 1683 1008 1770 intelligendis
1032 1688 1111 1749 sunt
1137 1683 1178 1748 de
1199 1704 1284 1769 pene

225 1784 313 1850 aut⁷
347 1785 427 1851 rino
454 1785 633 1851 seeundum
663 1786 822 1872 speciem3
859 1789 919 1850 aut
949 1782 1205 1871 quod'oorpus⁸
1233 1789 1284 1850 est

225 1888 330 1975 ponis,
358 1908 402 1952 ex
424 1887 462 1951 vi
486 1889 706 1953 conversionis
732 1885 849 1973 panis⁰
874 1888 911 1951 in
940 1887 1054 1973 ipsum
1101 1886 1146 1951 Et
1175 1887 1221 1951 sio
1243 1887 1284 1951 de

225 1990 387 2076 sanguine
401 1988 624 2075 respondetur.

272 2090 414 2177 Oportet
446 2091 560 2175 itaque
598 2089 720 2156 Christi
752 2089 864 2155 fideles
901 2088 1075 2176 diligenter
1112 2090 1283 2155 advertere
1295 2099 1452 2151 Theseum·

227 2192 317 2279 quod
364 2191 561 2258 eucharistia
590 2197 641 2257 est
671 2197 706 2255 et
735 2191 926 2256 sacrificium
956 2197 990 2255 et
1024 2164 1444 2282 sacramentumstj‘ssgflbffi‘

226 2299 468 2360 sementum
497 2291 601 2358 vero¹⁰
634 2292 799 2378 passionis,
831 2298 866 2357 et
898 2291 1114 2356 sacrificium¹¹
1140 2298 1442 2413 οοιῑιιιιιι-ἓὲιὲἰηίιηκῃι

228 2416 345 2460 monis

274 2495 340 2562 Pro
375 2501 500 2582 quanto
512 2493 538 2532 ¹⁹
569 2499 680 2559 autem
720 2499 771 2558 est
808 2491 1082 2557 sacramentum¹³
1118 2494 1284 2578 passionis,

227 2602 471 2663 sacramentum
510 2600 561 2661 est
598 2617 673 2661 oaro
714 2595 847 2672 Christi,
886 2593 1033 2680 simplex,
1067 2593 1285 2671 indivisibilis,

228 2699 418 2785 spiritrmlis,
453 2697 598 2762 existens
627 2697 663 2760 in
693 2696 798 2760 altari
846 2694 912 2760 Res
950 2699 1061 2759 autem
1098 2694 1200 2779 ipsius
1236 2699 1287 2759 est

229 2821 308 2865 osto
329 2799 492 2865 enroifixa.
537 2799 584 2862 Et
608 2797 817 2863 oonformiter
841 2797 881 2861 de
906 2795 1065 2881 sanguine
1091 2795 1230 2875 dicitur;
1251 2800 1288 2860 et

228 2902 276 2967 sio
301 2906 354 2967 est
376 2901 505 2986 proprie
528 2899 729 2965 sacrificium.
776 2897 922 2962 Effectus
952 2901 1064 2961 autem
1093 2918 1151 2961 seu
1180 2896 1287 2961 virtus

228 3001 353 3067 istius¹⁴
376 3002 525 3067 sacrificii
551 3008 585 3066 et
613 3001 816 3076 sacramenti,
840 3005 890 3063 est
920 2996 1110 3083 propitiatio
1136 3001 1170 3061 et
1193 2996 1288 3061 satis-

227 3103 330 3170 factio
353 3125 412 3189 pro
435 3103 573 3189 peecatis
596 3102 805 3187 quotidianis,
831 3106 865 3164 et
891 3120 1001 3165 eorum
1028 3100 1086 3182 qui
1112 3099 1148 3162 in
1171 3119 1289 3184 purga-

229 3205 316 3270 torio
340 3211 429 3283 sunt,
453 3210 486 3268 et
498 3202 525 3240 ¹⁶
546 3225 658 3268 eorum
685 3204 743 3288 qui
773 3202 880 3267 adhue
910 3202 1034 3287 degunt
1063 3202 1099 3265 in
1129 3199 1191 3265 hae
1215 3200 1288 3265 vita

230 3306 372 3372 mortali
418 3305 463 3370 Et
494 3306 578 3369 siout
617 3305 693 3369 olim
724 3305 760 3366 in
790 3325 883 3369 cruos
917 3307 987 3367 erst
1022 3303 1221 3379 sacrificium,
1253 3307 1288 3366 et

230 3407 416 3472 satisfactio
443 3428 501 3491 pro
528 3407 668 3491 peooatis
695 3406 840 3470 omnium
867 3405 1036 3470 hominum
1060 3406 1097 3468 in
1123 3403 1285 3490 generali:

229 3509 283 3573 ita
296 3508 445 3593 quotidie
467 3507 667 3572 sacrificatur
684 3508 720 3569 in
738 3507 835 3571 altari
857 3528 916 3592 pro
939 3506 1139 3591 quotidianis
1160 3504 1287 3570 nostris

266 3927 273 3955 ¹
286 3924 364 3990 quod]
378 3923 419 3975 ie.
428 3924 501 3988 qnod,
510 3924 540 3974 B.

265 4005 277 4033 ²
288 4002 387 4067 mulier]
401 4004 548 4060 membrum,
560 4000 590 4051 B.

268 4083 279 4111 ⁸
291 4082 368 4146 τινα]
382 4096 452 4144 pene,
464 4080 493 4130 C.

265 4161 275 4189 ⁴
290 4159 398 4223 Christi]
413 4158 506 4208 Christi
518 4173 586 4222 ergo,
598 4158 632 4207 Δ.

267 4240 277 4268 ¹
288 4235 366 4302 ahos]
381 4252 429 4287 om.
440 4238 469 4286 B.

266 4316 276 4344 ⁸
288 4315 424 4380 multiplex]
439 4331 488 4364 om.
498 4316 527 4364 B.

268 4395 347 4458 ΗΜ]
362 4403 394 4450 et,
408 4394 439 4442 B.

266 4474 277 4502 ⁸
288 4473 390 4537 ωφιω]
404 4487 494 4536 eorpus
506 4471 605 4530 Christi,
617 4472 647 4521 B.
