3008 5490
400 739 525 790 mom
547 737 620 788 ΔΜ)
642 736 855 788 nocumrs.
1081 719 1145 781 505

98 947 231 1014 corpore
253 931 288 991 et
310 931 426 1011 potens
441 925 597 1005 laborare,
616 923 706 1008 juste
729 927 763 988 et
783 921 873 986 licite
893 924 1002 1007 potest
1023 919 1148 984 mendi-

100 1051 181 1096 cure.

145 1301 264 1368 Fateor
290 1321 358 1367 esse
380 1322 481 1378 veros,
507 1299 687 1376 catholicos,
708 1305 743 1365 et
765 1321 785 1364 a
806 1298 953 1386 quolibet
976 1293 1151 1363 christiano

98 1404 238 1470 firmiter
259 1404 434 1470 credendos
460 1408 494 1469 et
516 1402 730 1480 affirmandos,
746 1407 780 1467 et
794 1402 830 1466 in
852 1423 988 1489 persona
1010 1421 1083 1465 mea
1098 1421 1152 1464 eos

99 1511 135 1573 et
157 1506 285 1593 singula
307 1511 460 1572 contenta
484 1505 519 1568 in
542 1504 588 1570 eis
605 1504 741 1583 credam
761 1504 887 1580 tenebo,
911 1509 945 1568 et
963 1501 1149 1567 affirmabo:

99 1628 160 1674 neo
193 1630 339 1695 unquam
365 1608 400 1672 in
426 1607 624 1673 eontrarium
651 1629 762 1672 eorum
793 1606 845 1670 vel
876 1605 1013 1691 alicujus
1039 1625 1151 1669 eorum

99 1711 239 1788 veniam,
261 1731 319 1799 per
341 1731 393 1775 me
408 1709 461 1775 vel
484 1709 594 1786 alium,
615 1708 743 1795 publice
758 1706 811 1773 vel
827 1707 957 1784 occulte,
981 1705 1149 1783 eredendo,

100 1813 280 1892 asserendo,
303 1811 357 1877 vel
379 1807 593 1899 praedicando.

145 1914 191 1981 Et
216 1936 258 1980 ne
281 1915 447 2002 praemissa
468 1912 630 1980 simulate¹
659 1918 692 1979 et
715 1913 791 1979 fiete
815 1911 943 1991 dixisse,
971 1910 1150 1988 asseruisse,

100 2017 154 2083 vel
171 2017 298 2103 jurasse
320 2017 363 2082 ab
386 2016 549 2103 aliquibus
570 2017 729 2092 credatur,
753 2015 815 2082 sub
836 2015 968 2081 honoris
990 2015 1055 2079 mei
1075 2035 1152 2079 oasu

99 2126 135 2187 et
149 2120 367 2185 anathematis
391 2119 595 2207 obligatione,
623 2124 657 2184 et
679 2118 740 2183 sub
764 2140 863 2206 poena
884 2140 958 2204 quae
980 2117 1114 2203 relapsis
1132 2140 1153 2181 a

95 2223 171 2310 jure
197 2223 251 2288 uel
274 2222 317 2287 ab
342 2221 474 2287 homine
495 2221 619 2308 imponi
642 2220 746 2297 debet,
770 2219 1012 2286 anathematizo
1039 2225 1073 2285 et
1096 2219 1152 2283 ab·

95 2325 173 2412 juro
188 2347 316 2392 omnem
339 2324 486 2390 haeresim
510 2328 544 2390 et
563 2321 757 2388 nominatim
773 2323 974 2410 supradictos
989 2322 1150 2401 articulos,

100 2428 279 2514 dequibus
301 2427 350 2491 fui
372 2426 509 2513 praefato
532 2426 664 2492 domino
687 2425 845 2512 episeopo,
866 2431 904 2491 ut
927 2424 1149 2512 praemittitur,

100 2530 321 2608 denuntiatam,
348 2551 385 2594 ao
409 2551 512 2616 prona
533 2551 570 2594 ao
592 2534 772 2615 spontanea
785 2526 957 2593 voluntate
979 2527 1083 2593 fateor
1098 2549 1150 2593 me

100 2637 211 2698 tenere
237 2636 272 2697 et
294 2632 423 2698 medere
445 2631 599 2717 quioquid
621 2630 732 2706 eredit,
754 2635 854 2708 tenet,
872 2635 907 2695 et
921 2630 1016 2696 docet
1038 2636 1151 2696 saneta

101 2741 206 2801 mater
227 2733 367 2812 eeclesia,
383 2734 435 2799 oui
450 2738 568 2819 praeest
590 2732 741 2798 dominus
759 2737 870 2797 noster
884 2733 1035 2798 dominus
1051 2732 1151 2797 Inno-

99 2838 226 2902 oentius
256 2836 369 2902 divina
398 2834 606 2923 providentia
634 2858 720 2923 papa
756 2835 935 2920 septimus3
973 2840 1007 2900 et
1044 2835 1150 2899 nomi-

101 2940 206 3004 natim
228 2938 301 3004 illos
330 2960 389 3004 sex
419 2938 573 3004 articulos
605 2938 753 3024 superius
789 2937 939 3024 proxime
973 2937 1150 3025 descriptos

71 3092 75 3098 .
101 3042 170 3108 fore
194 3063 288 3106 veros
314 3046 348 3106 et
370 3039 551 3118 catholicos,
569 3046 603 3106 et
625 3063 646 3105 a
668 3041 816 3127 quolibet
838 3040 1014 3106 christiano
1036 3047 1151 3107 tenen·

102 3144 160 3210 dos
183 3148 217 3209 et
239 3142 420 3221 credendos,
445 3164 562 3228 eosque
584 3149 618 3209 et
640 3143 769 3230 singula
791 3143 893 3208 ineis
916 3149 1078 3221 contenta,
1102 3164 1150 3208 se-

102 3245 245 3310 cundum
278 3245 479 3310 intellectum
509 3251 629 3310 sanotae
659 3245 774 3310 matris
804 3245 944 3311 eeclesiae
974 3247 1149 3333 praediotae,

102 3370 162 3434 ego
185 3348 221 3412 in
246 3369 382 3435 persona
403 3369 476 3412 mea
497 3346 634 3424 credam,
662 3346 792 3428 tenebo,
819 3353 853 3412 et
879 3347 1069 3428 affirmabo;
1091 3371 1151 3415 neo

101 3470 247 3534 unquam
270 3449 306 3513 in
320 3453 391 3515 toto
417 3449 471 3513 vel
494 3449 529 3512 in
554 3454 647 3536 parte
674 3450 720 3514 eis
745 3450 800 3516 vel
824 3472 935 3516 eorum
958 3451 1054 3517 alioui
1077 3473 1151 3518 oon-

101 3552 293 3627 traveniam,
325 3551 492 3629 eredendo,
517 3553 666 3628 tenendo,
695 3554 909 3639 praedioando,
937 3554 991 3619 vel
1020 3554 1151 3640 quovis-

103 3654 200 3720 modo
223 3654 374 3732 docendo,
397 3676 455 3740 per
477 3675 529 3718 me
551 3654 606 3719 vel
627 3655 737 3732 alium,
762 3655 890 3742 publice
912 3656 966 3720 vel
988 3658 1118 3723 occulte.

148 3756 321 3822 Praemisso
352 3756 462 3822 omnia
484 3761 519 3821 et
544 3756 681 3844 singula,
713 3765 811 3845 prout
833 3760 982 3845 superius
1011 3781 1069 3847 per
1098 3784 1151 3826 me

103 3864 181 3924 sunt
209 3859 295 3924 lecta
323 3864 357 3924 et
388 3858 532 3935 recitata,
572 3865 732 3944 quantum
769 3862 813 3926 ad
841 3884 1012 3948 personam
1043 3885 1151 3931 meam

103 3961 224 4026 attinet
247 3960 420 4026 bonafide
444 3966 478 4025 et
502 3961 572 4026 sine
596 3961 684 4028 dolo²
710 3968 744 4028 et
768 3963 882 4030 fraude
905 3966 1151 4054 quibuscunque

102 4063 276 4149 perficiam,
293 4062 429 4143 credam,
446 4057 624 4130 observabo
646 4069 681 4129 et
702 4066 876 4152 complebo.
923 4068 978 4136 Sio
992 4093 1045 4136 me
1061 4070 1151 4136 Deus

105 4165 241 4250 adjuvet
263 4172 297 4231 et
319 4165 389 4232 haeo
412 4171 525 4232 saneta
549 4164 612 4231 Dei
635 4169 812 4255 evangelia

137 4454 277 4523 ‘rindou
296 4452 427 4516 simultate,
439 4454 494 4507 ΜΒ.
628 4452 634 4522 Ι
681 4453 767 4522 ²dolo]
787 4457 880 4522 dolore,
893 4459 949 4512 MS.
