<?xml version="1.0" encoding="UTF-8"?>
<!DOCTYPE html PUBLIC "-//W3C//DTD XHTML 1.0 Transitional//EN"
    "http://www.w3.org/TR/xhtml1/DTD/xhtml1-transitional.dtd">
<html xmlns="http://www.w3.org/1999/xhtml" xml:lang="en" lang="en">
 <head>
  <title>
</title>
<meta http-equiv="Content-Type" content="text/html;charset=utf-8" />
  <meta name='ocr-system' content='tesseract 3.04.00' />
  <meta name='ocr-capabilities' content='ocr_page ocr_carea ocr_par ocr_line ocrx_word'/>
</head>
<body>
  <div class='ocr_page' id='page_1' title='image "./fasciculizizani00nettgoog_0206.png"; bbox 0 0 3008 5490; ppageno 0'>
   <div class='ocr_carea' id='block_1_1' title="bbox 442 700 1182 764">
    <p class='ocr_par' dir='ltr' id='par_1_1' title="bbox 442 700 1182 764">
     <span class='ocr_line' id='line_1_1' title="bbox 442 700 1182 764; baseline 0.012 -10"><span class='ocrx_word' id='word_1_1' title='bbox 442 707 620 758; x_wconf 78' lang='lat' dir='ltr'><strong>ssscrcon</strong></span> <span class='ocrx_word' id='word_1_2' title='bbox 643 710 869 760; x_wconf 75' lang='lat' dir='ltr'><strong>maimonem</strong></span> <span class='ocrx_word' id='word_1_3' title='bbox 1114 700 1182 764; x_wconf 80' lang='lat'><strong>105</strong></span> 
     </span>
    </p>
   </div>
   <div class='ocr_carea' id='block_1_2' title="bbox 167 1422 1139 1496">
    <p class='ocr_par' dir='ltr' id='par_1_2' title="bbox 167 1422 1139 1496">
     <span class='ocr_line' id='line_1_2' title="bbox 167 1422 1139 1496; baseline 0.007 -8"><span class='ocrx_word' id='word_1_4' title='bbox 167 1422 429 1488; x_wconf 72' lang='lat' dir='ltr'><strong>Concnosmnrs</strong></span> <span class='ocrx_word' id='word_1_5' title='bbox 451 1424 648 1489; x_wconf 77' lang='lat' dir='ltr'><strong>WchLYrr</strong></span> <span class='ocrx_word' id='word_1_6' title='bbox 670 1441 716 1488; x_wconf 76' lang='grc' dir='ltr'><strong>ΒΕ</strong></span> <span class='ocrx_word' id='word_1_7' title='bbox 738 1441 964 1493; x_wconf 73' lang='lat' dir='ltr'><strong>shcnmnnro</strong></span> <span class='ocrx_word' id='word_1_8' title='bbox 986 1442 1139 1496; x_wconf 75' lang='lat' dir='ltr'>ALTARIS.</span> 
     </span>
    </p>
   </div>
   <div class='ocr_carea' id='block_1_3' title="bbox 122 1657 1330 2661">
    <p class='ocr_par' dir='ltr' id='par_1_3' title="bbox 125 1657 1330 2073">
     <span class='ocr_line' id='line_1_3' title="bbox 177 1657 1296 1746; baseline 0.005 -24"><span class='ocrx_word' id='word_1_9' title='bbox 177 1661 204 1722; x_wconf 95' lang='lat'><strong>1.</strong></span> <span class='ocrx_word' id='word_1_10' title='bbox 228 1657 359 1722; x_wconf 76' lang='lat' dir='ltr'><strong>Hosm</strong></span> <span class='ocrx_word' id='word_1_11' title='bbox 372 1666 558 1725; x_wconf 87' lang='lat' dir='ltr'><strong>consecrata</strong></span> <span class='ocrx_word' id='word_1_12' title='bbox 585 1682 683 1746; x_wconf 88' lang='lat' dir='ltr'><strong>quam</strong></span> <span class='ocrx_word' id='word_1_13' title='bbox 702 1661 857 1726; x_wconf 88' lang='lat' dir='ltr'><strong>videmus</strong></span> <span class='ocrx_word' id='word_1_14' title='bbox 874 1663 910 1726; x_wconf 92' lang='lat' dir='ltr'><strong>in</strong></span> <span class='ocrx_word' id='word_1_15' title='bbox 932 1663 1108 1739; x_wconf 72' lang='lat' dir='ltr'><strong>alteriaco</strong></span> <span class='ocrx_word' id='word_1_16' title='bbox 1126 1669 1176 1731; x_wconf 85' lang='lat' dir='ltr'><strong>est</strong></span> <span class='ocrx_word' id='word_1_17' title='bbox 1189 1673 1296 1728; x_wconf 81' lang='lat' dir='ltr'><strong>conclu·</strong></span> 
     </span>
     <span class='ocr_line' id='line_1_4' title="bbox 127 1742 1330 1860; baseline 0.004 -34"><span class='ocrx_word' id='word_1_18' title='bbox 127 1760 285 1836; x_wconf 70' lang='lat' dir='ltr'><strong>Christis,</strong></span> <span class='ocrx_word' id='word_1_19' title='bbox 309 1782 368 1826; x_wconf 88' lang='lat' dir='ltr'><strong>nec</strong></span> <span class='ocrx_word' id='word_1_20' title='bbox 390 1762 502 1847; x_wconf 87' lang='lat' dir='ltr'><strong>aliqua</strong></span> <span class='ocrx_word' id='word_1_21' title='bbox 524 1763 574 1826; x_wconf 92' lang='lat' dir='ltr'><strong>sui</strong></span> <span class='ocrx_word' id='word_1_22' title='bbox 597 1785 679 1847; x_wconf 85' lang='lat' dir='ltr'><strong>pars,</strong></span> <span class='ocrx_word' id='word_1_23' title='bbox 704 1764 762 1828; x_wconf 90' lang='lat' dir='ltr'><strong>sed</strong></span> <span class='ocrx_word' id='word_1_24' title='bbox 783 1763 897 1828; x_wconf 85' lang='lat' dir='ltr'><strong>efficax</strong></span> <span class='ocrx_word' id='word_1_25' title='bbox 921 1763 989 1848; x_wconf 85' lang='lat' dir='ltr'><strong>ejus</strong></span> <span class='ocrx_word' id='word_1_26' title='bbox 1012 1765 1149 1851; x_wconf 81' lang='lat' dir='ltr'><strong>signum.</strong></span> <span class='ocrx_word' id='word_1_27' title='bbox 1186 1742 1330 1860; x_wconf 48' lang='lat' dir='ltr'><strong>{ffluss&#39;hffi</strong></span> 
     </span>
     <span class='ocr_line' id='line_1_5' title="bbox 170 1861 1290 1951; baseline 0.008 -27"><span class='ocrx_word' id='word_1_28' title='bbox 170 1865 198 1925; x_wconf 81' lang='lat'><strong>2.</strong></span> <span class='ocrx_word' id='word_1_29' title='bbox 221 1861 341 1927; x_wconf 90' lang='lat' dir='ltr'><strong>Nullus</strong></span> <span class='ocrx_word' id='word_1_30' title='bbox 370 1863 479 1928; x_wconf 87' lang='lat' dir='ltr'><strong>viator</strong></span> <span class='ocrx_word' id='word_1_31' title='bbox 515 1863 635 1928; x_wconf 89' lang='lat' dir='ltr'><strong>sufficit</strong></span> <span class='ocrx_word' id='word_1_32' title='bbox 673 1864 765 1929; x_wconf 89' lang='lat' dir='ltr'><strong>oculo</strong></span> <span class='ocrx_word' id='word_1_33' title='bbox 802 1866 967 1951; x_wconf 84' lang='lat' dir='ltr'><strong>corporali,</strong></span> <span class='ocrx_word' id='word_1_34' title='bbox 1007 1868 1064 1931; x_wconf 90' lang='lat' dir='ltr'><strong>sed</strong></span> <span class='ocrx_word' id='word_1_35' title='bbox 1101 1868 1173 1946; x_wconf 88' lang='lat' dir='ltr'><strong>fide,</strong></span> <span class='ocrx_word' id='word_1_36' title='bbox 1187 1874 1240 1951; x_wconf 65' lang='lat' dir='ltr'><strong>risi,</strong></span> <span class='ocrx_word' id='word_1_37' title='bbox 1251 1889 1290 1925; x_wconf 67' lang='grc' dir='ltr'><strong>οε-</strong></span> 
     </span>
     <span class='ocr_line' id='line_1_6' title="bbox 125 1941 1308 2073; baseline 0.003 -43"><span class='ocrx_word' id='word_1_38' title='bbox 125 1963 292 2030; x_wconf 73' lang='lat' dir='ltr'>Christum</span> <span class='ocrx_word' id='word_1_39' title='bbox 315 1964 426 2030; x_wconf 81' lang='lat' dir='ltr'><strong>videre</strong></span> <span class='ocrx_word' id='word_1_40' title='bbox 448 1966 484 2029; x_wconf 92' lang='lat' dir='ltr'><strong>in</strong></span> <span class='ocrx_word' id='word_1_41' title='bbox 506 1965 614 2030; x_wconf 87' lang='lat' dir='ltr'><strong>hostia</strong></span> <span class='ocrx_word' id='word_1_42' title='bbox 635 1972 828 2031; x_wconf 84' lang='lat' dir='ltr'><strong>consecrata</strong></span> <span class='ocrx_word' id='word_1_43' title='bbox 1186 1941 1308 2073; x_wconf 37' lang='lat' dir='ltr'><strong>&amp;gfff</strong></span> 
     </span>
    </p>

    <p class='ocr_par' dir='ltr' id='par_1_4' title="bbox 123 2065 1175 2346">
     <span class='ocr_line' id='line_1_7' title="bbox 168 2065 1175 2155; baseline 0.006 -24"><span class='ocrx_word' id='word_1_44' title='bbox 168 2069 197 2131; x_wconf 88' lang='grc'><strong>3.</strong></span> <span class='ocrx_word' id='word_1_45' title='bbox 221 2065 311 2131; x_wconf 85' lang='lat' dir='ltr'>Olim</span> <span class='ocrx_word' id='word_1_46' title='bbox 341 2066 405 2131; x_wconf 89' lang='lat' dir='ltr'><strong>fuit</strong></span> <span class='ocrx_word' id='word_1_47' title='bbox 442 2067 523 2131; x_wconf 88' lang='lat' dir='ltr'><strong>fides</strong></span> <span class='ocrx_word' id='word_1_48' title='bbox 553 2067 694 2133; x_wconf 87' lang='lat' dir='ltr'><strong>eoclesiae</strong></span> <span class='ocrx_word' id='word_1_49' title='bbox 726 2067 882 2134; x_wconf 86' lang='lat' dir='ltr'><strong>Romanae</strong></span> <span class='ocrx_word' id='word_1_50' title='bbox 912 2070 949 2134; x_wconf 91' lang='lat' dir='ltr'><strong>in</strong></span> <span class='ocrx_word' id='word_1_51' title='bbox 978 2071 1175 2155; x_wconf 82' lang='lat' dir='ltr'><strong>professione</strong></span> 
     </span>
     <span class='ocr_line' id='line_1_8' title="bbox 123 2167 1174 2259; baseline 0.008 -28"><span class='ocrx_word' id='word_1_52' title='bbox 123 2167 321 2253; x_wconf 87' lang='lat' dir='ltr'><strong>Berengarii,</strong></span> <span class='ocrx_word' id='word_1_53' title='bbox 346 2169 435 2253; x_wconf 91' lang='lat' dir='ltr'><strong>quod</strong></span> <span class='ocrx_word' id='word_1_54' title='bbox 463 2169 557 2254; x_wconf 90' lang='lat' dir='ltr'><strong>panis</strong></span> <span class='ocrx_word' id='word_1_55' title='bbox 591 2174 625 2234; x_wconf 92' lang='lat' dir='ltr'><strong>et</strong></span> <span class='ocrx_word' id='word_1_56' title='bbox 655 2170 778 2248; x_wconf 82' lang='lat' dir='ltr'><strong>vinum,</strong></span> <span class='ocrx_word' id='word_1_57' title='bbox 802 2192 876 2256; x_wconf 86' lang='lat' dir='ltr'><strong>quae</strong></span> <span class='ocrx_word' id='word_1_58' title='bbox 906 2178 1076 2237; x_wconf 81' lang='lat' dir='ltr'><strong>remanent</strong></span> <span class='ocrx_word' id='word_1_59' title='bbox 1099 2179 1174 2259; x_wconf 88' lang='lat' dir='ltr'><strong>post</strong></span> 
     </span>
     <span class='ocr_line' id='line_1_9' title="bbox 123 2268 837 2346; baseline 0.006 -13"><span class='ocrx_word' id='word_1_60' title='bbox 123 2268 392 2346; x_wconf 79' lang='lat' dir='ltr'><strong>benedictionem,</strong></span> <span class='ocrx_word' id='word_1_61' title='bbox 416 2276 493 2334; x_wconf 92' lang='lat' dir='ltr'><strong>sunt</strong></span> <span class='ocrx_word' id='word_1_62' title='bbox 516 2269 624 2335; x_wconf 87' lang='lat' dir='ltr'><strong>hostia</strong></span> <span class='ocrx_word' id='word_1_63' title='bbox 647 2278 837 2336; x_wconf 85' lang='lat' dir='ltr'><strong>consecrata</strong></span> 
     </span>
    </p>

    <p class='ocr_par' dir='ltr' id='par_1_5' title="bbox 122 2370 1175 2661">
     <span class='ocr_line' id='line_1_10' title="bbox 168 2370 1174 2446; baseline 0.005 -12"><span class='ocrx_word' id='word_1_64' title='bbox 168 2374 197 2434; x_wconf 81' lang='lat'><strong>4.</strong></span> <span class='ocrx_word' id='word_1_65' title='bbox 220 2370 427 2435; x_wconf 86' lang='lat' dir='ltr'><strong>Eucharistia</strong></span> <span class='ocrx_word' id='word_1_66' title='bbox 462 2371 571 2446; x_wconf 91' lang='lat' dir='ltr'><strong>habet,</strong></span> <span class='ocrx_word' id='word_1_67' title='bbox 610 2372 735 2437; x_wconf 89' lang='lat' dir='ltr'><strong>virtute</strong></span> <span class='ocrx_word' id='word_1_68' title='bbox 772 2375 946 2438; x_wconf 88' lang='lat' dir='ltr'><strong>verborum</strong></span> <span class='ocrx_word' id='word_1_69' title='bbox 994 2397 1174 2439; x_wconf 87' lang='lat' dir='ltr'><strong>sacramen·</strong></span> 
     </span>
     <span class='ocr_line' id='line_1_11' title="bbox 122 2471 1175 2561; baseline 0.006 -26"><span class='ocrx_word' id='word_1_70' title='bbox 122 2471 246 2550; x_wconf 87' lang='lat' dir='ltr'><strong>talium,</strong></span> <span class='ocrx_word' id='word_1_71' title='bbox 278 2477 349 2536; x_wconf 89' lang='lat' dir='ltr'><strong>tam</strong></span> <span class='ocrx_word' id='word_1_72' title='bbox 378 2495 493 2558; x_wconf 90' lang='lat' dir='ltr'><strong>corpus</strong></span> <span class='ocrx_word' id='word_1_73' title='bbox 524 2495 622 2558; x_wconf 90' lang='lat' dir='ltr'><strong>quam</strong></span> <span class='ocrx_word' id='word_1_74' title='bbox 652 2475 843 2561; x_wconf 84' lang='lat' dir='ltr'><strong>sanguinem</strong></span> <span class='ocrx_word' id='word_1_75' title='bbox 874 2476 1006 2551; x_wconf 79' lang='lat' dir='ltr'><strong>Christi,</strong></span> <span class='ocrx_word' id='word_1_76' title='bbox 1038 2497 1114 2541; x_wconf 87' lang='lat' dir='ltr'><strong>vere</strong></span> <span class='ocrx_word' id='word_1_77' title='bbox 1141 2482 1175 2541; x_wconf 91' lang='lat' dir='ltr'><strong>et</strong></span> 
     </span>
     <span class='ocr_line' id='line_1_12' title="bbox 122 2573 806 2661; baseline 0 -23"><span class='ocrx_word' id='word_1_78' title='bbox 122 2573 261 2649; x_wconf 72' lang='lat' dir='ltr'><strong>realiter,</strong></span> <span class='ocrx_word' id='word_1_79' title='bbox 285 2575 328 2637; x_wconf 89' lang='lat' dir='ltr'><strong>ad</strong></span> <span class='ocrx_word' id='word_1_80' title='bbox 350 2575 527 2659; x_wconf 87' lang='lat' dir='ltr'><strong>quemlibet</strong></span> <span class='ocrx_word' id='word_1_81' title='bbox 550 2574 619 2658; x_wconf 91' lang='lat' dir='ltr'><strong>ejus</strong></span> <span class='ocrx_word' id='word_1_82' title='bbox 640 2581 806 2661; x_wconf 91' lang='lat' dir='ltr'><strong>punctum.</strong></span> 
     </span>
    </p>
   </div>
   <div class='ocr_carea' id='block_1_4' title="bbox 167 2675 1174 2762">
    <p class='ocr_par' dir='ltr' id='par_1_6' title="bbox 167 2675 1174 2762">
     <span class='ocr_line' id='line_1_13' title="bbox 167 2675 1174 2762; baseline 0.003 -24"><span class='ocrx_word' id='word_1_83' title='bbox 167 2679 196 2738; x_wconf 89' lang='lat'><strong>5.</strong></span> <span class='ocrx_word' id='word_1_84' title='bbox 220 2676 549 2753; x_wconf 88' lang='lat' dir='ltr'><strong>Transubstantiatio,</strong></span> <span class='ocrx_word' id='word_1_85' title='bbox 565 2676 788 2753; x_wconf 88' lang='lat' dir='ltr'><strong>identificatio‚</strong></span> <span class='ocrx_word' id='word_1_86' title='bbox 802 2682 836 2741; x_wconf 92' lang='lat' dir='ltr'><strong>et</strong></span> <span class='ocrx_word' id='word_1_87' title='bbox 850 2676 1037 2762; x_wconf 77' lang='lat' dir='ltr'><strong>impanatio</strong></span> <span class='ocrx_word' id='word_1_88' title='bbox 1055 2675 1174 2759; x_wconf 90' lang='lat' dir='ltr'><strong>quibus</strong></span> 
     </span>
    </p>
   </div>
   <div class='ocr_carea' id='block_1_5' title="bbox 119 2775 1172 3267">
    <p class='ocr_par' dir='ltr' id='par_1_7' title="bbox 119 2775 1172 2964">
     <span class='ocr_line' id='line_1_14' title="bbox 119 2775 1172 2864; baseline 0 -24"><span class='ocrx_word' id='word_1_89' title='bbox 119 2781 261 2842; x_wconf 87' lang='lat' dir='ltr'><strong>utuntur</strong></span> <span class='ocrx_word' id='word_1_90' title='bbox 290 2778 443 2864; x_wconf 71' lang='lat' dir='ltr'><strong>baptistae</strong></span> <span class='ocrx_word' id='word_1_91' title='bbox 473 2778 640 2863; x_wconf 85' lang='lat' dir='ltr'><strong>signorum</strong></span> <span class='ocrx_word' id='word_1_92' title='bbox 670 2779 706 2841; x_wconf 92' lang='lat' dir='ltr'><strong>in</strong></span> <span class='ocrx_word' id='word_1_93' title='bbox 735 2777 873 2841; x_wconf 88' lang='lat' dir='ltr'><strong>materia</strong></span> <span class='ocrx_word' id='word_1_94' title='bbox 899 2777 939 2840; x_wconf 90' lang='lat' dir='ltr'><strong>de</strong></span> <span class='ocrx_word' id='word_1_95' title='bbox 970 2775 1172 2855; x_wconf 87' lang='lat' dir='ltr'><strong>eucharistia,</strong></span> 
     </span>
     <span class='ocr_line' id='line_1_15' title="bbox 122 2878 766 2964; baseline 0 -22"><span class='ocrx_word' id='word_1_96' title='bbox 122 2900 189 2942; x_wconf 91' lang='lat' dir='ltr'><strong>non</strong></span> <span class='ocrx_word' id='word_1_97' title='bbox 216 2885 295 2942; x_wconf 89' lang='lat' dir='ltr'><strong>sunt</strong></span> <span class='ocrx_word' id='word_1_98' title='bbox 319 2878 501 2943; x_wconf 86' lang='lat' dir='ltr'><strong>fundabiles</strong></span> <span class='ocrx_word' id='word_1_99' title='bbox 527 2879 564 2942; x_wconf 92' lang='lat' dir='ltr'><strong>in</strong></span> <span class='ocrx_word' id='word_1_100' title='bbox 590 2879 766 2964; x_wconf 79' lang='lat' dir='ltr'><strong>Scriptura.</strong></span> 
     </span>
    </p>

    <p class='ocr_par' dir='ltr' id='par_1_8' title="bbox 119 2979 1172 3165">
     <span class='ocr_line' id='line_1_16' title="bbox 166 2979 1172 3065; baseline -0.001 -20"><span class='ocrx_word' id='word_1_101' title='bbox 166 2983 193 3045; x_wconf 88' lang='lat'><strong>6.</strong></span> <span class='ocrx_word' id='word_1_102' title='bbox 218 2979 395 3065; x_wconf 83' lang='lat' dir='ltr'><strong>Repugnat</strong></span> <span class='ocrx_word' id='word_1_103' title='bbox 421 2987 607 3045; x_wconf 89' lang='lat' dir='ltr'><strong>sanctorum</strong></span> <span class='ocrx_word' id='word_1_104' title='bbox 637 2981 809 3044; x_wconf 87' lang='lat' dir='ltr'><strong>sententiis</strong></span> <span class='ocrx_word' id='word_1_105' title='bbox 840 3000 980 3043; x_wconf 82' lang='lat' dir='ltr'><strong>asserere</strong></span> <span class='ocrx_word' id='word_1_106' title='bbox 1011 2979 1099 3063; x_wconf 92' lang='lat' dir='ltr'><strong>quod</strong></span> <span class='ocrx_word' id='word_1_107' title='bbox 1128 2979 1172 3044; x_wconf 90' lang='lat' dir='ltr'><strong>sit</strong></span> 
     </span>
     <span class='ocr_line' id='line_1_17' title="bbox 119 3082 889 3165; baseline 0 -22"><span class='ocrx_word' id='word_1_108' title='bbox 119 3082 264 3144; x_wconf 88' lang='lat' dir='ltr'><strong>accidens</strong></span> <span class='ocrx_word' id='word_1_109' title='bbox 287 3083 356 3145; x_wconf 90' lang='lat' dir='ltr'><strong>sine</strong></span> <span class='ocrx_word' id='word_1_110' title='bbox 379 3082 523 3165; x_wconf 88' lang='lat' dir='ltr'><strong>subjecto</strong></span> <span class='ocrx_word' id='word_1_111' title='bbox 546 3084 582 3145; x_wconf 90' lang='lat' dir='ltr'><strong>in</strong></span> <span class='ocrx_word' id='word_1_112' title='bbox 604 3083 711 3147; x_wconf 90' lang='lat' dir='ltr'><strong>hostia</strong></span> <span class='ocrx_word' id='word_1_113' title='bbox 733 3082 889 3146; x_wconf 88' lang='lat' dir='ltr'><strong>veritatis.</strong></span> 
     </span>
    </p>

    <p class='ocr_par' dir='ltr' id='par_1_9' title="bbox 163 3181 1171 3267">
     <span class='ocr_line' id='line_1_18' title="bbox 163 3181 1171 3267; baseline -0.004 -17"><span class='ocrx_word' id='word_1_114' title='bbox 163 3187 191 3250; x_wconf 86' lang='lat'><strong>7.</strong></span> <span class='ocrx_word' id='word_1_115' title='bbox 217 3182 462 3247; x_wconf 84' lang='lat' dir='ltr'><strong>Sacramentum</strong></span> <span class='ocrx_word' id='word_1_116' title='bbox 488 3184 691 3248; x_wconf 85' lang='lat' dir='ltr'><strong>eucharistiae</strong></span> <span class='ocrx_word' id='word_1_117' title='bbox 717 3184 825 3247; x_wconf 90' lang='lat' dir='ltr'><strong>estin</strong></span> <span class='ocrx_word' id='word_1_118' title='bbox 850 3188 970 3246; x_wconf 87' lang='lat' dir='ltr'><strong>natura</strong></span> <span class='ocrx_word' id='word_1_119' title='bbox 995 3204 1055 3245; x_wconf 92' lang='lat' dir='ltr'><strong>sua</strong></span> <span class='ocrx_word' id='word_1_120' title='bbox 1076 3181 1171 3267; x_wconf 89' lang='lat' dir='ltr'><strong>panis</strong></span> 
     </span>
    </p>
   </div>
   <div class='ocr_carea' id='block_1_6' title="bbox 47 3283 1170 4383">
    <p class='ocr_par' dir='ltr' id='par_1_10' title="bbox 119 3283 1170 3569">
     <span class='ocr_line' id='line_1_19' title="bbox 122 3283 1170 3362; baseline 0.002 -16"><span class='ocrx_word' id='word_1_121' title='bbox 122 3283 191 3347; x_wconf 89' lang='lat' dir='ltr'><strong>aut¹</strong></span> <span class='ocrx_word' id='word_1_122' title='bbox 207 3285 331 3359; x_wconf 85' lang='lat' dir='ltr'><strong>vinum,</strong></span> <span class='ocrx_word' id='word_1_123' title='bbox 363 3285 494 3362; x_wconf 89' lang='lat' dir='ltr'><strong>habens,</strong></span> <span class='ocrx_word' id='word_1_124' title='bbox 521 3284 644 3349; x_wconf 87' lang='lat' dir='ltr'><strong>virtute</strong></span> <span class='ocrx_word' id='word_1_125' title='bbox 675 3287 848 3349; x_wconf 89' lang='lat' dir='ltr'><strong>verborum</strong></span> <span class='ocrx_word' id='word_1_126' title='bbox 878 3284 1170 3362; x_wconf 68' lang='lat' dir='ltr'><strong>sacramentalium,</strong></span> 
     </span>
     <span class='ocr_line' id='line_1_20' title="bbox 119 3385 1166 3471; baseline 0.004 -24"><span class='ocrx_word' id='word_1_127' title='bbox 119 3407 231 3448; x_wconf 82' lang='lat' dir='ltr'><strong>rerum</strong></span> <span class='ocrx_word' id='word_1_128' title='bbox 259 3408 374 3470; x_wconf 89' lang='lat' dir='ltr'><strong>corpus</strong></span> <span class='ocrx_word' id='word_1_129' title='bbox 401 3393 435 3450; x_wconf 89' lang='lat' dir='ltr'><strong>et</strong></span> <span class='ocrx_word' id='word_1_130' title='bbox 461 3387 652 3471; x_wconf 84' lang='lat' dir='ltr'><strong>sanguinem</strong></span> <span class='ocrx_word' id='word_1_131' title='bbox 676 3386 809 3466; x_wconf 82' lang='lat' dir='ltr'><strong>Christi,</strong></span> <span class='ocrx_word' id='word_1_132' title='bbox 825 3387 868 3450; x_wconf 87' lang='lat' dir='ltr'><strong>ad</strong></span> <span class='ocrx_word' id='word_1_133' title='bbox 895 3386 1073 3471; x_wconf 87' lang='lat' dir='ltr'><strong>quemlibet</strong></span> <span class='ocrx_word' id='word_1_134' title='bbox 1096 3385 1166 3469; x_wconf 89' lang='lat' dir='ltr'><strong>ejus</strong></span> 
     </span>
     <span class='ocr_line' id='line_1_21' title="bbox 124 3492 288 3569; baseline 0 -20"><span class='ocrx_word' id='word_1_135' title='bbox 124 3492 288 3569; x_wconf 91' lang='lat' dir='ltr'><strong>punctum.</strong></span> 
     </span>
    </p>

    <p class='ocr_par' dir='ltr' id='par_1_11' title="bbox 47 3588 1170 3977">
     <span class='ocr_line' id='line_1_22' title="bbox 163 3588 1170 3673; baseline 0 -22"><span class='ocrx_word' id='word_1_136' title='bbox 163 3592 191 3650; x_wconf 83' lang='lat'><strong>8.</strong></span> <span class='ocrx_word' id='word_1_137' title='bbox 215 3588 462 3652; x_wconf 83' lang='lat' dir='ltr'><strong>Sacramentum</strong></span> <span class='ocrx_word' id='word_1_138' title='bbox 500 3589 703 3653; x_wconf 87' lang='lat' dir='ltr'><strong>eucharistiae</strong></span> <span class='ocrx_word' id='word_1_139' title='bbox 741 3595 791 3653; x_wconf 91' lang='lat' dir='ltr'><strong>est</strong></span> <span class='ocrx_word' id='word_1_140' title='bbox 832 3588 868 3651; x_wconf 91' lang='lat' dir='ltr'><strong>in</strong></span> <span class='ocrx_word' id='word_1_141' title='bbox 908 3590 1013 3673; x_wconf 84' lang='lat' dir='ltr'><strong>figura</strong></span> <span class='ocrx_word' id='word_1_142' title='bbox 1055 3609 1170 3672; x_wconf 85' lang='lat' dir='ltr'><strong>corpus</strong></span> 
     </span>
     <span class='ocr_line' id='line_1_23' title="bbox 123 3688 1170 3775; baseline -0.002 -22"><span class='ocrx_word' id='word_1_143' title='bbox 123 3689 245 3753; x_wconf 86' lang='lat' dir='ltr'><strong>Christi</strong></span> <span class='ocrx_word' id='word_1_144' title='bbox 268 3696 301 3753; x_wconf 90' lang='lat' dir='ltr'><strong>et</strong></span> <span class='ocrx_word' id='word_1_145' title='bbox 326 3691 465 3775; x_wconf 86' lang='lat' dir='ltr'><strong>sanguis,</strong></span> <span class='ocrx_word' id='word_1_146' title='bbox 494 3691 529 3753; x_wconf 91' lang='lat' dir='ltr'><strong>in</strong></span> <span class='ocrx_word' id='word_1_147' title='bbox 556 3713 630 3774; x_wconf 74' lang='lat' dir='ltr'><strong>quae</strong></span> <span class='ocrx_word' id='word_1_148' title='bbox 657 3691 973 3754; x_wconf 86' lang='lat' dir='ltr'><strong>transubstantiatur</strong></span> <span class='ocrx_word' id='word_1_149' title='bbox 994 3688 1088 3774; x_wconf 88' lang='lat' dir='ltr'><strong>panis</strong></span> <span class='ocrx_word' id='word_1_150' title='bbox 1111 3693 1170 3752; x_wconf 89' lang='lat' dir='ltr'><strong>aut</strong></span> 
     </span>
     <span class='ocr_line' id='line_1_24' title="bbox 47 3790 1169 3876; baseline 0.001 -23"><span class='ocrx_word' id='word_1_151' title='bbox 47 3858 48 3861; x_wconf 46' lang='lat'><strong>,</strong></span> <span class='ocrx_word' id='word_1_152' title='bbox 119 3791 239 3865; x_wconf 68' lang='lat' dir='ltr'><strong>sinum,</strong></span> <span class='ocrx_word' id='word_1_153' title='bbox 272 3792 363 3875; x_wconf 89' lang='lat' dir='ltr'><strong>cujus</strong></span> <span class='ocrx_word' id='word_1_154' title='bbox 401 3799 547 3856; x_wconf 90' lang='lat' dir='ltr'><strong>remanet</strong></span> <span class='ocrx_word' id='word_1_155' title='bbox 585 3798 659 3876; x_wconf 89' lang='lat' dir='ltr'><strong>post</strong></span> <span class='ocrx_word' id='word_1_156' title='bbox 695 3793 967 3856; x_wconf 89' lang='lat' dir='ltr'><strong>consecrationem</strong></span> <span class='ocrx_word' id='word_1_157' title='bbox 1006 3790 1169 3874; x_wconf 87' lang='lat' dir='ltr'><strong>aliquitas,</strong></span> 
     </span>
     <span class='ocr_line' id='line_1_25' title="bbox 116 3892 1001 3977; baseline 0 -23"><span class='ocrx_word' id='word_1_158' title='bbox 116 3892 189 3957; x_wconf 87' lang='lat' dir='ltr'><strong>licet</strong></span> <span class='ocrx_word' id='word_1_159' title='bbox 212 3894 321 3977; x_wconf 91' lang='lat' dir='ltr'><strong>quoad</strong></span> <span class='ocrx_word' id='word_1_160' title='bbox 343 3894 631 3957; x_wconf 85' lang='lat' dir='ltr'><strong>considerationem</strong></span> <span class='ocrx_word' id='word_1_161' title='bbox 654 3893 800 3957; x_wconf 90' lang='lat' dir='ltr'><strong>fidelium</strong></span> <span class='ocrx_word' id='word_1_162' title='bbox 822 3894 866 3956; x_wconf 91' lang='lat' dir='ltr'><strong>sit</strong></span> <span class='ocrx_word' id='word_1_163' title='bbox 889 3893 1001 3976; x_wconf 87' lang='lat' dir='ltr'><strong>sopita.</strong></span> 
     </span>
    </p>

    <p class='ocr_par' dir='ltr' id='par_1_12' title="bbox 119 3991 1169 4261">
     <span class='ocr_line' id='line_1_26' title="bbox 163 3991 1169 4079; baseline -0.004 -21"><span class='ocrx_word' id='word_1_164' title='bbox 163 3998 191 4058; x_wconf 88' lang='lat'><strong>9.</strong></span> <span class='ocrx_word' id='word_1_165' title='bbox 217 3994 314 4072; x_wconf 81' lang='lat' dir='ltr'><strong>Quod</strong></span> <span class='ocrx_word' id='word_1_166' title='bbox 338 3995 485 4058; x_wconf 85' lang='lat' dir='ltr'><strong>accidens</strong></span> <span class='ocrx_word' id='word_1_167' title='bbox 510 3995 553 4058; x_wconf 92' lang='lat' dir='ltr'><strong>sit</strong></span> <span class='ocrx_word' id='word_1_168' title='bbox 577 3996 647 4057; x_wconf 92' lang='lat' dir='ltr'><strong>sine</strong></span> <span class='ocrx_word' id='word_1_169' title='bbox 670 3994 815 4079; x_wconf 89' lang='lat' dir='ltr'><strong>subjecto</strong></span> <span class='ocrx_word' id='word_1_170' title='bbox 830 4016 897 4057; x_wconf 91' lang='lat' dir='ltr'><strong>non</strong></span> <span class='ocrx_word' id='word_1_171' title='bbox 912 3999 961 4057; x_wconf 90' lang='lat' dir='ltr'><strong>est</strong></span> <span class='ocrx_word' id='word_1_172' title='bbox 978 3991 1169 4071; x_wconf 80' lang='lat' dir='ltr'><strong>fundabile3</strong></span> 
     </span>
     <span class='ocr_line' id='line_1_27' title="bbox 119 4093 1169 4182; baseline -0.003 -24"><span class='ocrx_word' id='word_1_173' title='bbox 119 4096 225 4159; x_wconf 82' lang='lat' dir='ltr'><strong>sedai</strong></span> <span class='ocrx_word' id='word_1_174' title='bbox 251 4096 304 4170; x_wconf 89' lang='lat' dir='ltr'><strong>sic,</strong></span> <span class='ocrx_word' id='word_1_175' title='bbox 334 4095 424 4160; x_wconf 90' lang='lat' dir='ltr'><strong>Deus</strong></span> <span class='ocrx_word' id='word_1_176' title='bbox 455 4096 663 4172; x_wconf 90' lang='lat' dir='ltr'><strong>annihilatur,</strong></span> <span class='ocrx_word' id='word_1_177' title='bbox 686 4102 719 4160; x_wconf 89' lang='lat' dir='ltr'><strong>et</strong></span> <span class='ocrx_word' id='word_1_178' title='bbox 741 4097 826 4182; x_wconf 88' lang='lat' dir='ltr'><strong>perit</strong></span> <span class='ocrx_word' id='word_1_179' title='bbox 854 4095 991 4178; x_wconf 86' lang='lat' dir='ltr'><strong>quilibet</strong></span> <span class='ocrx_word' id='word_1_180' title='bbox 1014 4093 1169 4158; x_wconf 84' lang='lat' dir='ltr'><strong>articulus</strong></span> 
     </span>
     <span class='ocr_line' id='line_1_28' title="bbox 121 4196 423 4261; baseline 0.007 -4"><span class='ocrx_word' id='word_1_181' title='bbox 121 4196 193 4259; x_wconf 90' lang='lat' dir='ltr'><strong>fidei</strong></span> <span class='ocrx_word' id='word_1_182' title='bbox 218 4196 423 4261; x_wconf 87' lang='lat' dir='ltr'><strong>Christianae.</strong></span> 
     </span>
    </p>

    <p class='ocr_par' dir='ltr' id='par_1_13' title="bbox 165 4293 1168 4383">
     <span class='ocr_line' id='line_1_29' title="bbox 165 4293 1168 4383; baseline -0.002 -24"><span class='ocrx_word' id='word_1_183' title='bbox 165 4301 213 4361; x_wconf 89' lang='lat'><strong>10.</strong></span> <span class='ocrx_word' id='word_1_184' title='bbox 238 4298 449 4383; x_wconf 80' lang='lat' dir='ltr'><strong>Quaecunque</strong></span> <span class='ocrx_word' id='word_1_185' title='bbox 473 4320 609 4383; x_wconf 90' lang='lat' dir='ltr'><strong>persona</strong></span> <span class='ocrx_word' id='word_1_186' title='bbox 632 4299 685 4362; x_wconf 82' lang='lat' dir='ltr'><strong>vel</strong></span> <span class='ocrx_word' id='word_1_187' title='bbox 711 4303 799 4362; x_wconf 90' lang='lat' dir='ltr'><strong>secta</strong></span> <span class='ocrx_word' id='word_1_188' title='bbox 822 4304 871 4361; x_wconf 92' lang='lat' dir='ltr'><strong>est</strong></span> <span class='ocrx_word' id='word_1_189' title='bbox 893 4297 991 4361; x_wconf 88' lang='lat' dir='ltr'><strong>nimis</strong></span> <span class='ocrx_word' id='word_1_190' title='bbox 1007 4293 1168 4371; x_wconf 87' lang='lat' dir='ltr'><strong>haeretica,</strong></span> 
     </span>
    </p>
   </div>
   <div class='ocr_carea' id='block_1_7' title="bbox 298 4610 992 4680">
    <p class='ocr_par' dir='ltr' id='par_1_14' title="bbox 298 4610 992 4680">
     <span class='ocr_line' id='line_1_30' title="bbox 298 4610 992 4680; baseline -0.004 -17"><span class='ocrx_word' id='word_1_191' title='bbox 298 4617 305 4646; x_wconf 92' lang='lat'>¹</span> <span class='ocrx_word' id='word_1_192' title='bbox 324 4616 381 4680; x_wconf 78' lang='lat' dir='ltr'><strong>aut]</strong></span> <span class='ocrx_word' id='word_1_193' title='bbox 401 4616 461 4666; x_wconf 83' lang='lat' dir='ltr'><strong>read</strong></span> <span class='ocrx_word' id='word_1_194' title='bbox 471 4623 503 4674; x_wconf 91' lang='lat' dir='ltr'><strong>et,</strong></span> <span class='ocrx_word' id='word_1_195' title='bbox 515 4616 581 4675; x_wconf 89' lang='lat' dir='ltr'><strong>here,</strong></span> <span class='ocrx_word' id='word_1_196' title='bbox 593 4615 643 4664; x_wconf 83' lang='lat' dir='ltr'><strong>end</strong></span> <span class='ocrx_word' id='word_1_197' title='bbox 654 4614 680 4663; x_wconf 90' lang='lat' dir='ltr'><strong>in</strong></span> <span class='ocrx_word' id='word_1_198' title='bbox 691 4614 733 4663; x_wconf 84' lang='lat' dir='ltr'><strong>the</strong></span> <span class='ocrx_word' id='word_1_199' title='bbox 744 4612 831 4678; x_wconf 80' lang='lat' dir='ltr'><strong>eighth</strong></span> <span class='ocrx_word' id='word_1_200' title='bbox 842 4610 992 4661; x_wconf 88' lang='lat' dir='ltr'><strong>conclusion.</strong></span> 
     </span>
    </p>
   </div>
   <div class='ocr_carea' id='block_1_8' title="bbox 0 0 1508 5490">
    <p class='ocr_par' dir='ltr' id='par_1_15' title="bbox 0 0 1508 5490">
     <span class='ocr_line' id='line_1_31' title="bbox 0 0 1508 5490; baseline 0 6"><span class='ocrx_word' id='word_1_201' title='bbox 0 0 1508 5490; x_wconf 95' lang='lat' dir='ltr'><strong> </strong></span> 
     </span>
    </p>
   </div>
  </div>
 </body>
</html>
