3158 5490
302 741 366 805 338
578 784 582 789 -
615 750 796 803 riscrcum
818 750 1046 804 zlzmonuu.

808 940 855 1005 ΙΙ.

347 1073 386 1140 Si
407 1072 594 1160 parochiani
617 1072 774 1139 sciverint
795 1080 946 1139 curatum
971 1073 1106 1139 illorum
1133 1096 1206 1141 esse
1230 1076 1364 1143 inconti-

303 1183 436 1242 nentem
466 1182 501 1242 et
530 1176 662 1252 melum,
688 1177 810 1242 debent
832 1176 1024 1243 subtrahero
1055 1177 1100 1241 ub
1133 1198 1175 1244 eo
1203 1179 1362 1245 decimae:

304 1286 339 1345 et
360 1280 442 1344 aliae
464 1284 542 1346 sunt
563 1279 707 1345 fautores
729 1279 883 1359 criminis,
907 1278 1151 1348 consentientes
1178 1282 1255 1369 ejus
1276 1281 1364 1347 mulii

305 1382 461 1470 operibus,

800 1556 868 1623 III.

351 1683 448 1764 Quod
480 1682 614 1748 decimae
643 1686 722 1748 eunt
758 1704 849 1769 purae
884 1681 1107 1768 eleemosynoe,
1144 1684 1184 1748 et
1219 1682 1259 1748 in
1293 1702 1361 1750 curu

308 1809 371 1874 quo
394 1787 499 1852 curuti
521 1784 645 1851 fuerint
667 1785 753 1863 moli,
777 1790 915 1875 possunt
936 1784 1026 1851 licite
1048 1784 1125 1851 aliis
1149 1785 1301 1852 conteni.

808 1994 866 2061 1v.

352 2118 448 2198 Quod
485 2122 618 2186 curotru
655 2120 761 2186 melus
799 2118 947 2187 subditos
980 2120 1278 2188 excommunicans
1308 2142 1361 2210 pro

307 2223 505 2288 decimarum
528 2223 726 2304 detentione,
752 2246 820 2291 non
846 2229 897 2292 eet
921 2221 987 2290 nisi
1012 2223 1057 2290 ub
1081 2222 1131 2289 eie
1156 2224 1308 2292 indebite
1331 2227 1361 2291 et

306 2324 391 2391 mule
414 2324 631 2414 extorquem¹

814 2477 854 2544 V.

353 2603 450 2684 Quod
471 2604 583 2669 nullus
604 2605 760 2691 praelotue
782 2607 891 2690 potest
905 2601 1049 2688 aliquem
1069 2606 1357 2681 excommunicare,

308 2706 371 2773 nisi
398 2708 489 2793 prius
513 2707 594 2773 sciet
620 2708 727 2795 ipsum
755 2706 1072 2773 excommunicatum
1097 2729 1120 2772 e
1145 2706 1230 2774 Deo.

755 2945 914 3012 Hemeseo.

819 3092 846 3159 Ι.

168 3225 230 3274 eresi
354 3220 450 3301 Quod
471 3240 552 3306 puer
571 3242 637 3285 non
657 3225 708 3286 est
727 3241 804 3286 vere
823 3219 1019 3306 baptizatus,
1035 3220 1064 3285 si
1084 3222 1240 3288 sacerdos
1261 3221 1360 3310 bapti·

140 3356 180 3405 'ur
195 3308 234 3409 eta
310 3345 396 3402 zano,
415 3327 588 3409 compater,
608 3323 661 3389 vel
683 3328 866 3402 commater,
887 3323 988 3390 fuerit
1009 3322 1045 3388 in
1067 3330 1205 3411 {uocato
1228 3322 1358 3392 mortali

808 3523 855 3590 II.

355 3644 451 3725 Quod
477 3643 587 3708 nullus
612 3642 729 3709 vivens
758 3649 872 3708 contra
898 3643 1003 3729 legem
1031 3641 1095 3707 Dei
1126 3647 1180 3709 eet
1209 3646 1359 3719 sacerdos

309 3748 577 3833 qualitercunque
602 3745 703 3812 fuerit
732 3746 774 3812 ub
804 3747 915 3833 aliquo
945 3746 1095 3833 episcopo
1125 3746 1304 3815 ordinatus
1331 3749 1361 3814 iu

310 3851 516 3919 siwordotem.

801 4022 869 4087 III.

355 4163 503 4245 Quilibet
520 4160 667 4227 sacerdos
687 4163 804 4245 potest,
823 4159 938 4226 habite
961 4159 1169 4240 contritione,
1185 4162 1363 4249 quemlibet

308 4271 508 4354 peccatorem
550 4264 733 4340 absolvere;
770 4268 812 4340 et,
848 4284 915 4328 non
952 4262 1104 4329 obstante
1144 4266 1361 4352 prohibitione

309 4370 457 4456 episcopi,
482 4372 614 4434 tenetur
637 4365 844 4452 evangelium
859 4365 979 4453 populo
1005 4364 1193 4452 predicare.

433 4556 560 4562 .—-.-..
579 4554 619 4561 -.—
628 4554 650 4559 —·
669 4553 706 4558 ——
735 4552 761 4557 —
792 4550 1027 4557 -————----—
1049 4551 1096 4557 --—
1110 4550 1251 4561 ---.--...-

634 4666 640 4694 ¹
654 4664 807 4731 extorquens]
821 4670 977 4729 extorquere,
989 4661 1045 4713 uu
