3008 5490
546 706 726 760 rusereunr
748 709 973 761 zrznuronuu
1222 695 1288 767 375

732 894 792 960 VI.

272 1036 390 1118 Sexte,
406 1041 494 1128 qued
518 1063 586 1108 non
609 1042 686 1109 lieet
706 1065 844 1131 puerum
866 1045 1029 1131 baptizari
1049 1067 1125 1112 cum
1148 1051 1284 1133 argento
1297 1058 1440 1178 ffiffi

197 1128 267 1213 -h
295 1143 451 1225 andem
472 1165 533 1221 nec
557 1144 672 1212 offerre
696 1147 733 1212 in
757 1148 942 1237 acceptione
965 1149 1106 1236 corporis
1128 1148 1261 1216 Chriflffi·
1297 1144 1383 1243 saud

720 1380 800 1447 VII.

1299 1266 1352 1311 nst.

1377 1195 1452 1245 uehe-

274 1523 433 1613 Septimo,
460 1525 550 1612 quod
573 1528 719 1594 saeerdos
744 1527 802 1614 qui
827 1526 945 1617 recipit
969 1528 1123 1596 salarium
1151 1533 1201 1598 est
1227 1545 1439 1678 err-Quae

223 1629 498 1695 eommunieetus.

276 1728 395 1810 Quoad
424 1731 493 1810 hos,
535 1732 614 1817 quia
643 1734 809 1798 statutum
839 1736 890 1798 est
919 1732 962 1798 ab
993 1730 1136 1812 ecclesia,
1162 1718 1284 1799 Extra

224 1837 375 1919 vagante
398 1832 439 1897 de
471 1832 626 1911 Simonis,
652 1855 719 1921 cap.
746 1834 828 1899 Noa
851 1832 945 1910 satis,
974 1838 1009 1900 et
1033 1855 1100 1920 eap.
1126 1833 1216 1900 Cam
1240 1834 1285 1901 ia

226 1932 375 2000 οωίωίω
395 1933 550 2020 corpore,1
567 1936 626 2000 ubi
648 1936 695 2001 sie
715 1936 874 2000 scribitur.
916 1943 933 1972 “
946 1935 1114 2001 Hom'bile
1130 1936 1282 2022 quidem⁹

227 2040 251 2073 “
272 2039 333 2114 est,
354 2036 443 2123 quod
468 2036 505 2101 in
527 2037 723 2122 quibusdam
750 2038 890 2103 eeclesiis
911 2038 1073 2102 venalitas
1095 2038 1285 2124 perhibetur

228 2144 251 2177 ‘⁸
271 2135 393 2204 habere
422 2137 537 2213 locum,
573 2139 624 2203 ita
660 2144 700 2203 ut
736 2161 796 2225 pro
834 2139 989 2225 episeopis
1018 2140 1072 2204 vel
1110 2140 1284 2204 abbatibus

229 2242 253 2276 “
273 2259 333 2304 seu
359 2238 607 2326 qmbuseunque
639 2241 786 2327 personis
808 2241 1030 2306 ecelesiasticis
1059 2241 1218 2327 ponendis
1247 2241 1284 2306 in

229 2347 253 2378 “
273 2339 393 2418 sedem,
431 2362 489 2407 seu
527 2342 771 2407 introducendis
808 2342 1008 2428 presbyteris
1039 2341 1075 2406 in
1109 2343 1281 2421 eeclesiam,

229 2444 252 2478 “
272 2463 400 2507 necnon
439 2448 474 2508 et
508 2464 567 2528 pro
598 2444 783 2530 sepulturis,
814 2449 849 2508 et
879 2444 1041 2530 exsequiis
1068 2449 1281 2524 mortuorum,

229 2548 252 2580 ‘⁶
274 2547 310 2609 et
335 2543 616 2610 benedictionibus
646 2545 854 2624 nubentium,
885 2567 942 2609 seu
973 2545 1045 2609 aliis
1071 2546 1281 2610 saeramentis

228 2652 250 2682 “
272 2645 398 2733 aliquid
423 2647 616 2733 requiratur.
662 2646 788 2711 Putant
811 2651 923 2713 autem
947 2647 1056 2732 plures
1079 2644 1159 2711 hoc³
1174 2646 1279 2726 licere,

228 2753 248 2785 ‘¹
271 2748 350 2834 quia
386 2748 492 2833 legem
524 2748 640 2813 mortis
670 2749 710 2812 de
740 2741 840 2834 longa
868 2747 1105 2814 consuetudine
1134 2768 1202 2813 non
1223 2770 1280 2812 va

229 2858 251 2886 “
271 2848 393 2915 luisse⁴
418 2850 629 2931 arbitrantur,
654 2871 723 2916 non
748 2850 954 2914 attendentes
978 2849 1066 2935 quod
1089 2853 1184 2915 tanto
1206 2871 1280 2936 gra

227 2956 249 2990 ‘⁸
270 2951 365 3016 viora
394 2956 473 3015 sunt
505 2951 649 3030 erimina,
680 2956 803 3035 quanto
841 2950 965 3016 diutius
994 2950 1156 3016 infelieem
1195 2951 1279 3038 [ani-

229 3062 250 3091 “
271 3051 398 3139 mam]⁶
413 3049 580 3118 detinent⁰
594 3053 771 3139 alligatam.
817 3049 890 3116 Ne⁷
912 3052 953 3117 de
975 3058 1081 3118 cetero
1103 3053 1173 3118 haee
1195 3053 1279 3118 fiant

228 3160 249 3192 ‘⁴
272 3154 453 3220 districtius
491 3153 708 3240 prohibemus.
764 3152 875 3240 Siquis
912 3159 1023 3219 autem
1064 3161 1178 3220 eontra
1216 3155 1278 3220 hoc

228 3264 249 3293 “
270 3257 383 3321 venire
414 3256 665 3342 praesumpserit,
691 3256 874 3341 portionem
906 3277 980 3320 cum
1010 3254 1124 3321 Giezi⁸
1149 3257 1279 3321 noverit

226 3367 304 3423 “se
327 3357 545 3423 habiturum'’
590 3358 636 3422 Et
662 3358 702 3422 de
731 3358 793 3420 hae
815 3357 952 3421 materia
974 3357 1009 3420 in
1031 3356 1180 3442 pluribus
1201 3357 1279 3421 loeis

226 3460 265 3525 in
288 3482 418 3526 esnone
465 3459 510 3524 Et
536 3459 618 3523 mihi
639 3459 772 3523 videtur
798 3457 949 3522 illicitum
972 3479 1040 3523 esse
1062 3460 1176 3522 eontra
1197 3459 1278 3524 talia

226 3563 384 3628 instituta
404 3583 507 3648 agere.

274 3664 320 3729 Et
334 3664 414 3750 quia
438 3685 523 3749 saepe
538 3662 689 3727 mulieres
704 3661 881 3727 infideliter
901 3656 1050 3725 tentum⁰
1063 3659 1099 3724 in
1113 3659 1277 3747 baptismo

225 3767 441 3855 parvulorum
471 3766 560 3843 dant,
592 3764 792 3829 aestimantes
823 3763 916 3850 quasi
954 3764 1079 3827 solvere
1109 3785 1168 3849 pro
1198 3764 1278 3851 bap

226 3868 337 3934 tiemo.
383 3867 435 3932 Ut
464 3867 598 3952 quidam
622 3865 737 3930 dicunt
760 3871 879 3951 aperte,
905 3864 984 3950 quia
1007 3865 1125 3929 volunt
1154 3866 1278 3930 solvere

227 3992 289 4058 pro
326 3991 386 4036 sue
422 3969 671 4048 communione;
708 3968 854 4054 Angliee,
895 3966 984 4053 They
1013 3966 1081 4053 wyl
1114 3988 1188 4054 pay
1216 3967 1278 4055 ser

263 4309 270 4338 ¹
283 4304 383 4357 nectet
396 4302 473 4369 Greg.
487 4301 536 4354 IX.
551 4302 595 4352 hb.
606 4315 633 4352 v.
648 4301 686 4353 tir.
704 4307 729 4361 8,
807 4301 948 4368 ἀπίηιαηι]
962 4316 1010 4352 om.
1023 4300 1079 4353 MS.

228 4401 283 4449 esp.
296 4390 319 4444 8,
331 4390 354 4434 9.
807 4382 817 4409 ⁸
829 4381 947 4446 detinent]
963 4387 1104 4439 tenuerunt,
1116 4381 1212 4434 Canon.

262 4462 390 4528 ’quidenj
404 4461 487 4522 n'mis,
500 4459 594 4511 Cenon.
809 4458 885 4524 ’Ne]
900 4459 939 4508 Ne
950 4458 1036 4524 igitur,
1049 4459 1145 4512 Cenon.

264 4541 342 4607 ’toc]
356 4557 389 4591 ex
401 4541 457 4599 hoe,
468 4539 564 4591 Canon.
809 4539 845 4586 ⁸2
860 4536 944 4602 Kings
956 4552 979 4587 v.
992 4541 1032 4587 27.

262 4623 330 4670 *που
342 4617 459 4685 eunus]
471 4617 614 4678 invaluisse,
625 4615 721 4671 Canen.
809 4616 938 4682 'tantm
952 4614 1078 4674 thS.
