3008 5490
529 730 657 787 mero
677 734 751 786 mo
771 730 985 789 comma
1208 722 1275 790 ⁵0³

723 922 785 989 XI.

274 1044 368 1214 Ἕκ
392 1045 516 1114 OErr‘ssti
546 1068 643 1133 super
674 1068 740 1134 quo
772 1054 922 1115 mortuus
950 1053 1001 1114 est
1031 1068 1097 1114 non
1121 1053 1172 1115 est
1197 1047 1276 1115 odo-

228 1171 290 1214 ran

714 1263 795 1332 XII.

273 1388 424 1470 Quilibet
459 1389 550 1455 loeus
586 1394 637 1456 oet
672 1390 724 1456 ito
767 1395 866 1478 optus
910 1413 970 1479 pro
1007 1389 1154 1459 oratione
1190 1388 1275 1459 siout

226 1492 320 1558 nlius
765 1577 772 1586 .

707 1607 808 1673 XIII.

224 1751 232 1758 ·
273 1729 451 1821 Illegitime
472 1730 599 1797 faciunt
620 1729 679 1818 qni
700 1731 848 1798 homines
869 1731 1073 1799 comburunt

704 1908 797 1975 XIV.

273 2033 377 2100 Stulti
410 2039 489 2100 sunt
518 2033 575 2120 qui
611 2033 726 2102 dicunt
756 2034 844 2121 quod
880 2031 1038 2101 Ricarcus
1062 2033 1187 2124 Wyche
1223 2031 1274 2101 in¹

225 2138 336 2225 aliquo
358 2137 488 2204 enavit.

272 2424 394 2494 Fateor
422 2425 602 2514 praemissne
637 2426 857 2495 conclusiones
889 2427 989 2494 fuisse
1017 2433 1052 2494 et
1082 2449 1150 2495 csse
1179 2426 1276 2494 falsos

226 2533 260 2594 et
286 2550 443 2607 erroneos,
460 2535 494 2595 et
518 2530 594 2595 fidei
615 2529 800 2609 catholicoe,
828 2553 867 2596 oo
892 2529 1013 2597 καθ’
1029 2531 1184 2597 doctrinm
1200 2552 1277 2595 oon·

225 2631 353 2711 tranas,
381 2653 441 2697 nec
478 2653 541 2712 eos,
571 2632 626 2698 vel
664 2654 776 2698 eorum
814 2633 932 2719 oquun,
963 2653 1110 2719 unquam
1147 2631 1273 2708 tenebo,

225 2755 374 2812 asseram,
396 2735 449 2803 ¹vel
472 2734 664 2821 praedicabo,
690 2733 818 2823 publice
843 2736 897 2801 vcl
921 2735 1054 2815 occulte,
1081 2733 1138 2799 sed
1164 2755 1276 2798 earum

224 2835 424 2925 contrarium
450 2836 556 2903 fateor
584 2858 653 2903 csse
682 2837 884 2914 catholicum,
915 2841 950 2902 et
978 2835 1055 2902 fidei
1084 2834 1276 2903 orthodoxae

224 2957 410 3015 consonum,
436 2943 470 3004 et
497 2960 519 3004 a
547 2938 695 3028 quolibet
719 2938 896 3005 christiano
921 2937 1061 3003 firmiter
1086 2936 1275 3018 tenendum,

225 3044 261 3105 et
283 3038 480 3105 credendum
492 3063 501 3121 ;
533 3046 567 3106 et
593 3040 630 3105 in
655 3062 794 3128 persono
824 3063 899 3106 mea
921 3039 1061 3106 firmiter
1086 3039 1215 3105 credam
1239 3043 1274 3104 ot

225 3140 344 3208 tenebo
356 3167 365 3222 3
402 3143 449 3208 sio
485 3164 538 3209 mc
576 3143 667 3208 Deus
704 3143 842 3230 adjuvet
880 3149 915 3208 et
951 3141 1022 3210 haec
1059 3145 1174 3207 sancta
1212 3140 1276 3206 Dei

226 3245 404 3332 evangelie

271 3347 358 3412 Item
378 3369 436 3413 sex
456 3345 630 3414 ortinrlos³
643 3367 685 3415 ex
703 3352 796 3436 perte
814 3345 960 3435 ejusdem
982 3342 1153 3412 reverendi
1170 3342 1275 3434 patris

224 3449 308 3517 mihi
329 3450 533 3541 propositos3
565 3448 719 3517 videlicet
730 3473 786 3518 :-

741 3640 768 3705 Ι.

270 3763 369 3833 Panis
407 3787 448 3833 ex
485 3762 592 3832 forino
629 3764 788 3831 frumenti
818 3768 852 3831 et
889 3783 975 3852 equo
1012 3760 1185 3844 confectus,
1216 3756 1274 3852 qni

225 3868 359 3955 ponitur
388 3867 425 3933 in
454 3869 552 3935 altari
590 3867 774 3934 ministerio
811 3866 989 3933 sacerdotis
1028 3867 1272 3946 consecrandus,

225 3976 300 4057 post
336 3970 437 4036 verba
479 3970 716 4038 consecratoria
756 3991 778 4034 a
823 3969 988 4035 sacerdote
1036 3968 1099 4034 rite
1146 3968 1275 4056 prolato

225 4095 291 4138 non
320 4080 467 4140 remanet
504 4073 598 4161 panis
627 4069 861 4138 frumcnticeus
891 4070 949 4155 qui
978 4070 1025 4135 ibi
1055 4069 1146 4157 prius
1176 4092 1275 4157 pone·

223 4175 331 4258 betur,
346 4178 404 4243 sed
418 4175 735 4243 transubstantiatur
757 4180 807 4240 ost
830 4174 865 4237 in
887 4195 1002 4240 venun
1017 4193 1134 4260 corpus
1149 4171 1274 4240 Chn'sti

224 4284 340 4344 notem
364 4279 405 4344 do
435 4267 572 4366 Virgine
607 4283 641 4344 et
671 4297 803 4363 possum
830 4275 866 4340 in
894 4297 987 4342 cmoo
1000 4281 1073 4356 ;.ot
1103 4280 1274 4341 remanent

258 4592 446 4665 'in]on‚Mfl.
647 4581 649 4584 ’
807 4589 1166 4662 'manducemus

257 4677 369 4744 ἀπα]
383 4677 495 4743 Perhaps
506 4671 543 4728 τᾶ.
554 4687 629 4728 ιω).
