3158 5490
251 620 319 687 462
657 631 836 687 messum
856 633 904 687 or

252 822 299 887 sie
313 822 354 887 do
368 818 622 907 sophismatibus
645 822 759 888 multis
776 822 948 890 ridiculose
969 822 1158 892 adductis:
1181 842 1318 912 quorum

252 923 372 989 solutio
401 927 452 987 est
482 921 571 1008 quod
600 924 686 989 sicut
714 946 782 990 uon
812 925 892 991 <licit
921 925 1002 1011 quie
1028 925 1193 993 Christus
1223 926 1317 993 hebet

253 1024 458 1102 domomum,
486 1027 532 1092 sic
549 1046 610 1091 neo
626 1024 708 1091 dicit
721 1024 745 1091 J
746 1025 890 1093 ohannes
904 1026 1062 1113 Baptista
1084 1050 1159 1095 non
1173 1036 1227 1095 est
1247 1050 1317 1115 pro·

252 1127 359 1216 phetu,
376 1148 435 1192 nec
450 1128 537 1212 quod
552 1127 655 1193 Amos
674 1149 743 1194 non
764 1135 815 1195 est
834 1128 1003 1216 prophete
1049 1128 1125 1197 Sed
1139 1152 1222 1199 vere
1239 1130 1316 1197 dicit

252 1229 341 1316 quod
360 1251 427 1296 non
445 1235 496 1295 est
517 1252 574 1316 per
593 1251 636 1306 se,
657 1251 700 1297 ex
722 1231 827 1317 specie
848 1230 904 1297 vel
924 1252 1055 1318 genere,
1070 1231 1251 1319 prophete
1264 1231 1316 1299 vel

252 1331 352 1397 folsus
371 1331 536 1419 propheto,
553 1332 639 1397 sicut
664 1331 746 1397 dicit
764 1338 875 1399 nutem
889 1331 1062 1399 Johennes
1081 1356 1157 1399 non
1170 1340 1224 1401 est
1244 1355 1315 1421 pro·

252 1433 361 1521 pheta,
379 1455 455 1499 cum
476 1432 538 1499 hoc
560 1433 648 1519 quod
669 1454 758 1500 nuno
778 1433 960 1520 digituliter
981 1435 1136 1501 ostendit
1150 1435 1312 1512 Messinm.

254 1536 297 1601 ud
319 1557 417 1621 quem
443 1541 522 1602 sunt
543 1534 730 1622 prophetice
775 1534 916 1623 Oportet
938 1556 1015 1623 ergo
1038 1558 1162 1624 cepere
1183 1559 1313 1604 sensum

255 1637 441 1725 Scripturae,
471 1638 529 1723 qui
565 1637 732 1705 verissime
769 1643 820 1705 est
857 1637 1036 1727 Scriptura,
1068 1639 1099 1705 ai
1139 1637 1313 1709 efficaciter

256 1740 353 1806 debet
377 1741 471 1827 argui
494 1762 536 1806 ex
558 1739 735 1828 Scriptura

300 1841 342 1907 V.
365 1842 491 1923 Quinto
521 1842 601 1907 dicit
631 1841 754 1908 Doctor
784 1842 873 1928 quod
901 1841 1082 1910 elleothetu
1105 1865 1178 1910 non
1203 1843 1311 1931 uiguit

255 1944 468 2031 Scripturum,
493 1946 546 2011 cui
570 1943 729 2025 inexistit,
753 1965 822 2011 esse
848 1945 967 2011 fulsum
990 1946 1032 2010 de
1058 1945 1096 2011 vi
1127 1946 1310 2025 sermonis3

255 2053 428 2112 etve1um
456 2047 557 2126 dicit;
579 2047 665 2113 sicut
688 2068 749 2112 nec
774 2047 886 2134 ulique
908 2048 976 2113 alie
999 2047 1110 2135 figura
1134 2047 1310 2116 locutionis

255 2153 290 2214 εδ
311 2150 569 2215 constructionis
617 2148 764 2235 Oportet,
797 2150 885 2226 dicit,
916 2149 1005 2235 quod
1027 2151 1176 2219 intentio
1206 2152 1310 2219 anu·

255 2251 340 2317 ensis
369 2256 419 2316 est
449 2252 549 2317 telem
579 2252 727 2338 figuram,
759 2273 835 2338 quae
865 2253 938 2340 plus
967 2251 1070 2320 hebet
1100 2255 1310 2321 suetonum

255 2377 353 2441 quom
379 2355 524 2430 rationis
551 2376 616 2419 non
643 2375 712 2419 esse
742 2353 995 2421 extendendum.
1055 2354 1168 2423 Verbo
1198 2363 1309 2423 tumen

255 2456 431 2521 Junuensis
454 2457 586 2542 eliqua3
623 2455 681 2521 sed
703 2457 990 2543 grammaticorum
1016 2478 1152 2525 concors
1176 2464 1308 2526 senten-

255 2559 305 2625 tia
343 2559 423 2624 dicit
453 2559 542 2643 quod
582 2555 715 2623 omnino
745 2558 852 2645 figura
889 2558 1079 2644 hujusmodi
1109 2566 1161 2627 est
1191 2565 1308 2627 exten·

255 2661 358 2726 sibilis
384 2661 517 2728 ratione.
573 2659 656 2726 Cum
688 2660 791 2746 igitur
821 2661 897 2726 talis
920 2661 1026 2748 figura
1053 2662 1093 2728 de
1117 2664 1309 2730 extensione

254 2763 410 2850 temporis
427 2763 472 2828 sit
494 2768 564 2827 tam
587 2763 698 2827 crebra
721 2763 757 2827 iu
783 2762 973 2849 Seriptmu3
997 2768 1031 2829 et
1054 2769 1163 2850 poetoe
1188 2787 1229 2831 ec
1254 2766 1309 2831 ulii

253 2866 349 2930 rudes
364 2865 568 2950 grammatici
590 2886 658 2930 non
671 2862 808 2929 utimur¹
826 2864 937 2949 ulique
958 2866 1065 2951 figure
1083 2866 1155 2932 sine
1170 2867 1310 2933 notabili

254 2968 401 3031 ratione:
425 2966 529 3031 multo
552 2967 656 3053 magis
670 2972 784 3031 auctor
808 2965 985 3052 Scripturae
1011 2989 1079 3031 non
1100 2968 1310 3035 insisteretur

254 3070 315 3133 tuli
342 3070 437 3133 modo
464 3069 618 3153 loquendi
642 3068 711 3133 sine
732 3069 879 3133 notendo
902 3067 1109 3149 ministerio;
1131 3059 1208 3136 ideo
1230 3092 1310 3158 opus

255 3171 441 3256 magistrale
457 3177 550 3245 esset,
565 3175 600 3234 et
614 3170 795 3256 specialiter
814 3169 986 3256 professori
1007 3170 1107 3256 hujus
1129 3170 1310 3259 Scriptum}

254 3271 392 3336 scrutari
430 3279 464 3336 et
502 3272 652 3358 detegere
689 3271 859 3348 ustionem,
892 3277 932 3338 ut
969 3294 1082 3338 sensus
1124 3279 1160 3340 et
1193 3274 1309 3340 modus

254 3373 409 3457 loquendi
447 3372 623 3459 Scriptmae
660 3374 704 3440 sit
741 3374 885 3439 dulcior:
932 3374 1010 3459 quia
1046 3375 1224 3442 verisimile
1261 3384 1311 3442 est

255 3475 344 3550 milri,
361 3496 435 3540 cum
458 3476 521 3540 iste
542 3477 659 3541 modus
680 3475 836 3560 loquendi
862 3476 906 3540 sit
926 3481 996 3542 tum
1018 3483 1155 3544 extense
1178 3500 1310 3565 spamus

255 3576 291 3640 in
321 3575 497 3662 Scriptura,
523 3578 611 3662 quod
636 3578 710 3663 plus
740 3577 840 3641 habet
869 3577 1006 3643 rationis
1029 3599 1131 3663 quem
1158 3580 1245 3658 vitii,
1271 3586 1310 3647 ut

255 3678 363 3743 verbis
394 3677 417 3742 J
419 3679 571 3743 anueueis
600 3684 683 3744 utar.
745 3677 816 3765 Ego
854 3685 965 3744 amem
991 3680 1102 3747 nescio
1140 3681 1308 3748 meliorem

255 3780 415 3844 rationem
447 3801 546 3865 quam
576 3780 675 3857 illum,
707 3801 781 3864 qum
811 3785 882 3844 tem
904 3802 925 3844 a
946 3780 1068 3846 sanctis
1098 3788 1133 3849 εδ
1163 3785 1309 3870 antiquis

256 3881 450 3961 doctoribus,
475 3903 573 3968 quam
597 3881 697 3947 etiem
720 3904 741 3946 a
761 3881 899 3946 novellis
922 3882 1103 3968 postillate²
1126 3891 1200 3964 est;
1222 3886 1310 3972 quod

255 3985 329 4049 ideo
352 3983 521 4069 Scriptum
535 3983 580 4047 sic
600 3983 756 4069 loquitur,
772 3989 811 4048 ut
834 3983 1002 4070 imprimat
1016 3983 1053 4048 in
1067 3991 1197 4053 mentes
1219 3988 1312 4053 theo-

235 4087 401 4171 'iugorum
433 4084 599 4171 capacium
628 4085 721 4150 illum
752 4084 855 4150 ultum
882 4092 917 4151 et
940 4084 1093 4152 intimem
1124 4089 1310 4167 veritatem,

255 4188 343 4274 quod
366 4187 531 4254 retemitus
554 4186 617 4253 Dei
632 4192 765 4276 propter
779 4187 849 4272 ejus
871 4187 1126 4257 immensitatem
1149 4192 1313 4259 cormsistit

291 4548 411 4614 ¹urs‘mur]
426 4548 532 4614 perhaps
543 4551 602 4601 read
613 4555 724 4602 utuntur.
772 4549 777 4620 1
836 4552 846 4582 ²
853 4546 994 4616 postillam]
1008 4548 1116 4615 imilla,
1127 4548 1186 4605 MS·
