3158 5490
320 761 386 824 404
625 762 806 822 rascrcum
830 767 1054 820 zizamonuu

320 959 403 1024 male
425 959 550 1033 vivant,
573 957 652 1023 dnm
673 957 716 1022 ab
740 956 872 1023 ecclesia
891 955 1084 1031 tolerantur,
1105 953 1240 1020 habent
1263 951 1376 1020 nihilo

319 1061 427 1124 minus
457 1081 569 1125 veram
604 1058 787 1125 ooelmtium
817 1058 960 1124 clavium
981 1061 1186 1145 potoetntom
1217 1057 1376 1122 adversm

319 1184 417 1248 quam
442 1168 545 1248 portae
572 1183 640 1226 non
669 1161 850 1247 praevalent
871 1160 1068 1238 infernales3
1091 1180 1281 1245 eorumque
1307 1181 1377 1225 ocn-

318 1287 412 1339 surae,
443 1264 520 1330 lioct
549 1265 744 1349 quandoque
774 1264 841 1328 sint
872 1263 1011 1328 forsitan
1040 1261 1294 1329 irrationabiles
1322 1267 1378 1327 ant

319 1366 460 1451 injustae,
494 1388 567 1432 cum
600 1366 783 1433 reverentia
812 1371 924 1433 tamen
949 1370 1029 1430 sunt
1057 1363 1237 1431 humiliter
1271 1368 1377 1430 metu·

320 1470 420 1549 endae,
443 1492 485 1539 ue
507 1470 574 1537 suis
596 1470 873 1556 contemptoribus
896 1467 1038 1535 inierant
1059 1471 1314 1536 nocumentum.

824 1660 864 1728 V.

153 1812 194 1863 A·
204 1821 231 1865 to
243 1815 285 1866 the
371 1811 497 1891 Quinta
526 1809 657 1877 lucrosis
687 1830 787 1895 quam
817 1807 917 1886 tonui,
949 1807 1068 1897 sompni,
1101 1812 1136 1875 et
1169 1808 1279 1887 docui,
1314 1808 1376 1874 init

151 1882 296 1998 llililsa
320 1914 392 1979 isit

152 2014 296 2079 preaehing.
365 2014 472 2095 Quod¹
498 2002 682 2101 quicunque
706 2013 876 2101 receperit⁹
897 2013 1038 2080 officium
1062 2014 1254 2093 sacerdotia,
1277 2015 1374 2079 etiam

318 2119 346 2180 si
371 2138 481 2182 curam
502 2141 569 2183 non
589 2118 743 2183 hebuerit
763 2118 946 2182 animarum
970 2116 1034 2181 sibi
1058 2137 1118 2203 per
1132 2138 1261 2182 morem
1277 2116 1372 2181 eoele-

319 2220 376 2285 siae
397 2220 588 2307 delegatam,
616 2221 737 2286 nedum
761 2224 877 2306 potest,
905 2220 1005 2284 immo
1036 2218 1136 2284 debat
1162 2217 1372 2305 evangelium

319 2320 452 2409 populo³
482 2323 546 2389 Dei
586 2324 687 2389 libere
727 2322 925 2409 praedicare3
955 2321 1036 2386 alias
1068 2320 1157 2386 enim
1197 2326 1251 2386 est
1291 2321 1373 2386 latro

320 2426 619 2491 excommunicatus
642 2449 662 2491 a
685 2426 764 2503 Deo,
788 2430 823 2490 et
844 2425 888 2490 ab
910 2423 1042 2490 walaia
1064 2428 1278 2489 sacrosancta

365 2528 490 2594 Contra
525 2549 623 2613 quam
657 2527 806 2593 hieresim
838 2527 932 2592 credo
967 2530 1001 2591 et
1033 2525 1140 2591 fatcor
1168 2525 1272 2591 istam
1306 2545 1371 2591 oesc

319 2630 511 2696 catholicam
536 2631 717 2695 veritatem.
764 2629 860 2709 Quod
886 2650 953 2693 non
977 2628 1054 2694 licet
1076 2627 1175 2692 alicui
1202 2628 1369 2701 sacerdoti,

320 2738 608 2818 quantumcunque
638 2733 752 2797 scienti
782 2731 836 2796 vel
869 2736 988 2807 sanctu,
1024 2730 1203 2817 praedicare
1235 2731 1370 2796 verbum

320 2835 480 2920 evangelii
507 2834 634 2920 populo,
663 2834 727 2898 nisi
751 2834 793 2898 ad
819 2833 881 2898 hoc
907 2834 1023 2898 missus
1052 2832 1200 2898 inclita
1227 2833 1369 2919 pmlato,

319 2937 373 3000 vel
404 2937 446 3000 ab
476 2936 609 3001 ecclesia
638 2935 810 3013 militante,
845 2936 898 3001 vel
930 2935 1076 3001 evidenti
1106 2935 1268 3001 miraculo
1296 2957 1372 3001 sea

321 3038 392 3103 Deo
413 3039 547 3103 missum
571 3038 726 3116 docuerit,
751 3039 803 3104 vel
828 3039 870 3103 ab
894 3038 1026 3104 ecclesia
1047 3038 1288 3125 triumphante.

812 3250 873 3315 VI.

353 3385 468 3450 Sexta
488 3383 620 3449 haeresis
641 3405 739 3470 quam
759 3384 861 3460 tenui,
884 3383 1012 3471 scripsi,
1028 3390 1062 3450 et
1085 3385 1192 3463 docui,
1211 3385 1281 3453 fnit
1303 3388 1371 3451 isia.

365 3485 472 3566 Qu0d⁴
495 3487 523 3550 si
554 3486 626 3572 quis
646 3485 870 3570 juramentum
901 3483 971 3552 vel⁵
1002 3489 1117 3552 votum
1148 3488 1300 3554 emiserit
1328 3487 1368 3552 tul

319 3591 516 3653 servandum
541 3593 731 3674 perpetuam
758 3589 951 3666 castitatem,
984 3589 1038 3654 vel
1068 3588 1161 3653 aliud
1194 3591 1369 3677 quicquam

318 3712 377 3776 pro
403 3688 557 3754 Domino⁰
582 3689 775 3765 iaciendum,
798 3691 842 3755 ad
873 3691 961 3775 quod
990 3689 1074 3756 forto
1103 3691 1195 3757 Deus
1222 3714 1291 3758 non
1321 3713 1369 3758 ac·

319 3797 428 3880 captat
466 3813 549 3868 enm,
568 3792 688 3861 ‚dando
718 3793 749 3857 ei
779 3793 919 3880 gratiam
949 3793 1137 3879 perficiendi
1168 3816 1268 3860 suum
1300 3817 1370 3882 pro·

319 3894 481 3981 positum;
504 3894 587 3958 illud
608 3898 724 3959 votum
744 3915 803 3959 seu
817 3895 1044 3982 juramentum
1065 3899 1116 3960 est
1132 3895 1367 3974 irrationabile,

319 3995 476 4062 ucetiam
497 3995 729 4072 indiscretum!
754 4017 814 4063 nec
833 3997 950 4084 aliquis
969 3997 1127 4083 praelatam
1152 4019 1230 4064 enm
1253 3996 1370 4087 potent⁸

330 4187 922 4196 ———--—-.——---—..—--—--—
942 4187 1016 4193 --—--
1032 4188 1052 4193 .-
1066 4188 1083 4193 -
1105 4188 1142 4193 --
1164 4188 1372 4198 ---——...0

364 4299 520 4349 'Coulm—
534 4297 619 4364 Quod]
654 4313 703 4349 om.
731 4296 762 4358 F,
791 4313 819 4348 ns
898 4295 968 4363 'ocIJ
982 4311 1034 4359 scu,
1048 4297 1083 4347 A.

318 4377 410 4428 before.
434 4377 489 4427 The
501 4377 557 4427 fian
569 4378 618 4427 and
630 4376 698 4427 sixth
710 4376 818 4427 horonico
897 4374 1152 4444 ‘aliud-Domino]
1183 4378 1217 4429 nd
1237 4380 1368 4447 quicqum

317 4457 515 4522 muannpoectl
527 4456 553 4505 in
566 4456 596 4506 F.
863 4471 909 4520 pro
920 4471 958 4516 co,
970 4455 999 4504 F.

350 4535 499 4603 ’ποιμενίη
514 4535 609 4598 recipit,
621 4533 701 4585 wilk.
897 4533 1001 4600 ἰεῖσαι]
1015 4548 1063 4584 om.
1077 4533 1109 4584 F.

350 4613 471 4679 ¹papnlo]
484 4629 533 4663 orn.
546 4614 580 4663 A.
895 4616 905 4643 ⁸
916 4630 966 4664 eum
974 4612 1067 4682 micel]
1080 4621 1162 4681 poten
1173 4631 1242 4681 enm,
1255 4616 1286 4670 F.

350 4694 359 4722 ⁶
373 4691 588 4758 Contra-Quod]
602 4707 650 4743 om.
663 4690 692 4743 F.
