3008 5490
226 667 292 733 146
539 682 722 733 rasorcom
743 683 983 737 ammonuit

226 868 328 934 Verbi
352 869 483 955 gratia:
507 891 619 935 omnes
640 870 716 935 laici
737 869 926 937 Christiani
947 870 1094 937 credunt
1118 870 1204 957 quod
1221 874 1272 935 tm

226 992 371 1058 personae
397 972 535 1036 suntin
566 972 710 1051 divinis;
743 972 914 1037 sitamen
936 973 1132 1059 inquiratur
1162 994 1184 1037 n
1207 970 1273 1035 luico

227 1080 340 1138 utrum
371 1071 472 1138 Pater
493 1073 538 1137 sit
561 1073 669 1138 senior
695 1073 791 1151 Filio,
819 1074 888 1140 cito
915 1074 1091 1142 concedet¹
1119 1074 1204 1162 quod
1221 1071 1274 1151 nic;

228 1180 263 1239 et
292 1174 387 1250 ultra,
420 1175 509 1260 quod
538 1175 626 1239 idem
649 1174 750 1241 Pater
778 1182 830 1241 est
860 1176 965 1242 Pater
995 1176 1146 1264 Spiritus
1174 1173 1275 1247 Samii.

229 1276 332 1360 aliqui
354 1276 487 1353 dicent,2
516 1277 619 1362 aliqui
647 1299 722 1342 non.
778 1277 860 1343 Ideo
890 1278 976 1343 fides
1014 1280 1128 1365 prima
1162 1278 1199 1343 in
1225 1295 1277 1363 qm

230 1376 355 1443 omnes³
376 1380 572 1444 concordant
594 1384 645 1443 est
670 1379 881 1444 attendenda

277 1481 319 1545 In
343 1483 508 1568 proposito
535 1487 653 1556 autem,
680 1481 762 1545 fides
784 1481 900 1566 prima,
925 1482 965 1545 in
979 1503 1051 1568 qua
1077 1478 1202 1547 omnm‘
1219 1499 1277 1545 oon

232 1584 379 1661 veniunt,
396 1585 549 1672 estquod
564 1604 677 1669 corpus
693 1582 819 1648 Christi
833 1588 885 1647 est
899 1583 937 1646 in
959 1589 1171 1648 sacramento
1185 1578 1278 1647 altaris

233 1688 295 1752 sub
309 1687 414 1753 forma
428 1688 529 1774 panis
546 1692 580 1751 ct
594 1684 727 1770 sanguis
746 1684 809 1748 sub
831 1683 939 1749 forma
951 1685 1036 1749 vini
1084 1685 1134 1751 Et
1148 1680 1279 1770 quamvis

234 1790 275 1854 de
302 1790 374 1855 aliis
401 1788 655 1862 difficultatibus,
682 1792 721 1851 ut
747 1786 789 1850 de
814 1786 1007 1851 substantia
1029 1788 1131 1873 panis
1160 1782 1279 1859 etvini,

234 1891 416 1976 discrepent
436 1887 535 1954 interl
549 1911 583 1953 se
597 1895 671 1974 post
686 1888 875 1952 intricatam
890 1884 1161 1974 oppositioncm‚⁶
1174 1892 1281 1953 oetam

234 1996 345 2055 tamen
376 1997 426 2055 est
455 1991 543 2076 quod
571 1990 641 2054 haec
664 1990 745 2054 fides
774 1990 881 2075 prima
910 1988 988 2054 fuit⁷
1020 1992 1069 2055 eis
1100 1990 1224 2055 tradite
1248 1984 1283 2051 ab

234 2089 387 2155 ecclesiae⁸
408 2091 565 2176 patribus,
582 2096 616 2154 et
636 2098 675 2155 ut
695 2091 834 2168 videtur,
860 2092 903 2155 ab
930 2091 1073 2167 Hilario,
1100 2091 1282 2179 Augustino,

235 2197 269 2255 et
284 2191 465 2266 Ambrosio,
491 2192 549 2275 qui
571 2191 719 2257 fuenmt⁹
735 2194 775 2258 de
790 2193 904 2278 primis
931 2194 990 2279 qui
1014 2194 1201 2259 utebantur
1223 2190 1284 2257 istis

235 2292 392 2370 terminis,
419 2293 523 2358 forma
553 2299 587 2356 et
617 2294 745 2378 species,
777 2295 813 2357 in
842 2295 982 2360 materia
1013 2296 1056 2360 de
1079 2295 1284 2369 eucharistin3

236 2392 340 2479 quia¹⁰
362 2401 440 2461 ante
462 2417 573 2461 eorum
594 2401 750 2480 tempora,
774 2403 813 2461 ut
839 2402 932 2482 patet
958 2418 1017 2482 per
1042 2397 1284 2483 Dionysiumet

236 2496 324 2573 alios,
341 2498 490 2584 symbola
515 2503 549 2561 ct
575 2497 733 2583 imagines
760 2498 971 2563 vocabantur.
1018 2498 1067 2563 Et
1092 2506 1220 2564 certum
1243 2500 1285 2561 est

237 2601 326 2686 quod
356 2623 398 2665 ex
428 2602 488 2667 hoc
519 2601 606 2684 quod
639 2622 753 2685 empus
785 2599 908 2665 Christi
938 2606 990 2663 est
1019 2600 1069 2664 ibi
1100 2600 1165 2665 sub
1193 2598 1286 2686 spacio

237 2705 340 2789 panis,
365 2727 431 2770 non
453 2704 600 2790 sequitur
620 2701 708 2786 quod
730 2702 777 2765 ibi
801 2708 851 2766 ost
877 2701 1066 2766 substantia
1092 2703 1197 2787 panis,
1222 2700 1286 2786 plur

240 2829 338 2891 quam
361 2809 510 2894 sequitur
532 2807 571 2870 de
594 2803 716 2889 angelis
742 2803 998 2888 apparentibus3
1023 2803 1071 2866 ibi
1087 2803 1155 2868 fuit
1177 2802 1286 2889 species

240 2910 352 2987 virilis,
386 2908 485 2997 ergo¹¹
518 2905 701 2974 substantia
731 2905 816 2968 viri:
849 2910 884 2968 et
913 2909 1007 2989 patet
1039 2905 1130 2988 quod
1157 2903 1288 2990 objectio

241 3036 356 3099 parum
381 3014 475 3078 valet.

74 3111 147 3176 They
157 3113 222 3175 ‘llll'
289 3116 496 3180 Confitentur
511 3114 567 3178 alii
582 3111 669 3196 quod
695 3130 808 3192 corpus
838 3107 962 3173 Christi
979 3109 1080 3170 estin
1096 3113 1290 3173 sacramento

74 3179 186 3292 {litigii
243 3217 355 3279 altaris
385 3215 577 3287 virtualiter,
610 3210 828 3296 spiritualiter,
862 3216 895 3273 et
925 3211 1206 3274 sacramentaliter
1218 3236 1226 3289 ;
1261 3214 1291 3272 et

76 3310 169 3426 &10ss
245 3316 371 3377 addunt
398 3316 484 3397 quod
511 3315 648 3377 cultores
675 3314 840 3396 signorum
866 3311 1016 3374 nesciunt
1040 3312 1180 3377 fundare
1211 3310 1292 3398 quod

76 3382 480 3503 sta?{‡{.sacr·a1nenrun1
504 3435 597 3476 suurn
621 3414 664 3476 sit
687 3414 734 3476 ita
757 3413 887 3477 realiter
910 3435 1023 3497 corpus
1047 3413 1181 3477 Christi.

76 3521 157 3555 ὅπερ·
291 3515 379 3580 Huic
395 3515 513 3578 (licitur
529 3514 615 3596 quod
631 3514 785 3578 consessio
801 3515 870 3579 haro
886 3515 1024 3578 includit
1040 3510 1294 3601 improperium¹²

246 3623 280 3683 ct
295 3617 420 3687 falsum,
446 3616 522 3699 (pria
537 3615 612 3677 licet
626 3637 739 3679 remim
756 3617 800 3679 sit
816 3618 903 3700 quod
926 3617 1036 3680 fidelos
1051 3617 1164 3682 colunt
1183 3636 1294 3702 corpus

247 3719 377 3791 Christi,
405 3718 491 3801 quod
518 3722 635 3787 tamen,
665 3725 703 3781 ut
729 3718 919 3802 praedictum
945 3725 1001 3783 est.
1031 3724 1080 3782 est
1107 3720 1238 3804 sigrmm
1264 3722 1295 3780 et

247 3824 491 3891 sacramentum,
505 3824 663 3881 vocantur
678 3819 815 3882 cultores
827 3820 992 3904 signorum
1005 3821 1047 3883 nd
1062 3820 1192 3885 alirun¹⁸
1203 3819 1297 3884 intel·

260 4015 624 4025 ———-·-—-—

283 4126 289 4155 ¹
303 4124 424 4189 concedet]
439 4125 558 4185 concalh,
571 4125 600 4176 C.
829 4127 967 4192 ⁸cocles-icc]
986 4144 1046 4187 csse,
1058 4129 1088 4181 B.

282 4203 394 4268 micent]
408 4205 500 4263 dicunt,
512 4205 540 4255 C.
829 4221 962 4284 ”sues-um]
977 4230 1043 4279 sunt,
1055 4222 1089 4272 Α,

284 4283 394 4346 1οηυιεε]
413 4299 498 4332 omncs
510 4284 629 4342 homines,
641 4282 675 4332 A.

284 4362 293 4469 Ξ
305 4361 530 4504 fflifflgmffines’
542 4362 576 4411 A'
832 4407 847 4435 ¹¹
861 4407 928 4472 erqo]
947 4421 1008 4469 crgo
1019 4406 1053 4455 ibi
1064 4405 1120 4465 fuit,
1132 4406 1162 4457 O.

285 4477 487 4584 ⁰01>poailiohcm]
501 4518 651 4583 opinionem,
663 4518 693 4568 B.
832 4499 850 4528 ¹²
863 4499 1042 4602 ‘'ml’ml’f'ff‘m]
1056 4498 1228 4562 impml’rium’
1238 4496 1269 4548 B·

286 4603 294 4629 τ
300 4598 368 4664 suff]
384 4613 432 4648 om,
446 4598 474 4649 (3,
834 4593 853 4622 ¹⁸
863 4590 950 4656 altum]
965 4592 1039 4649 ahud,
1051 4592 1085 4651 A,
1096 4590 1127 4642 C.

831 4315 849 4343 ¹⁰
860 4315 932 4378 quio]
946 4330 994 4362 om.
1009 4315 1039 4363 B.
