3158 5490
306 681 371 744 444
618 691 798 743 mscmom
821 685 1049 743 mzrmoaom

305 880 340 942 et
362 875 560 940 invisibilem
586 874 649 939 sub
686 875 902 954 humanitate,
935 896 1010 961 quae
1042 876 1079 941 in
1113 897 1155 942 eo
1190 882 1315 962 aperta
1338 880 1372 940 et

305 975 443 1041 visibilis
482 976 598 1052 fuerat,
636 976 683 1041 sic
719 977 756 1041 in
788 983 991 1043 sacramento
1019 978 1138 1043 aitaris
1169 983 1225 1044 est
1255 998 1370 1043 verum

300 1098 418 1162 corpus
436 1083 471 1142 et
494 1099 591 1142 verus
624 1077 747 1164 panis3
769 1077 875 1165 panis¹
900 1079 1053 1145 videlicet
1076 1080 1366 1166 quem-videmus,

305 1183 339 1243 et
376 1201 491 1265 corpus
530 1178 653 1244 Christi
691 1179 753 1244 sub
796 1180 909 1245 eodem
954 1181 1111 1258 velatum,
1161 1181 1256 1266 quod
1301 1202 1368 1246 non

304 1280 472 1361 videmus.¹
523 1281 573 1345 Ac
602 1281 702 1345 fidem
728 1281 813 1346 circa
842 1287 1084 1347 sacramentum
1107 1281 1304 1367 hujusmodi
1333 1281 1367 1345 in

304 1380 458 1446 schedula
481 1383 645 1468 praedicta,
661 1382 724 1447 sibi
747 1405 806 1470 per
828 1405 889 1448 nos
911 1383 1109 1460 transmissu,
1132 1405 1196 1469 per
1217 1388 1365 1448 ancum

306 1482 489 1548 Romanam
519 1483 684 1549 eeclesiam
709 1488 744 1549 et
767 1485 915 1551 doctores
938 1489 1068 1550 sanctes
1097 1485 1364 1559 determinatam,

305 1607 455 1672 expresse
477 1586 613 1671 negavit
627 1585 932 1652 determinationem
954 1586 1098 1652 ecclesiae
1111 1585 1192 1663 fore,
1207 1591 1271 1651 ent
1290 1607 1363 1651 me.

306 1686 419 1752 Sed
393 1710 422 1752 si
451 1691 502 1752 est
524 1687 753 1752 determinatio
775 1688 924 1764 ecclesiae,
956 1687 1044 1752 dixit
1072 1688 1163 1774 quod
1194 1692 1247 1753 eet
1276 1687 1364 1752 facta

305 1794 419 1853 contra
456 1810 579 1853 sacram
610 1787 821 1874 scripturam,
851 1793 888 1854 et
916 1794 1090 1875 postquam
1128 1789 1267 1854 ecclesia
1300 1788 1363 1852 fnit

306 1889 427 1965 dotata,
449 1893 483 1954 et
505 1911 669 1955 venenum
691 1889 866 1955 effusum
856 1912 893 1953 ιιι
915 1890 1055 1967 ecclesia,
1078 1894 1114 1955 ct
1135 1911 1206 1955 non
1227 1895 1314 1954 ante

139 2027 194 2079 The
210 2043 293 2079 m
351 1989 425 2068 Quo
436 1990 537 2054 etiam
552 1991 595 2055 ad
610 1995 790 2056 sacrament
775 1989 862 2056 tum²
873 1992 1079 2077 poenitentia
1095 1996 1130 2056 et
1141 1990 1360 2064 confessionis,

138 2095 248 2145 mentor
305 2090 392 2155 dixit
422 2095 456 2156 et
486 2092 626 2157 asseruit
656 2114 805 2179 expresse
834 2098 915 2158 tunc
944 2092 1075 2169 ibidem,
1104 2093 1196 2178 quod
1227 2093 1256 2157 si
1285 2091 1360 2177 quis

140 2174 259 2225 pennice
306 2190 470 2257 esset³1n
500 2193 613 2279 aliquo
642 2194 737 2281 gravi
767 2199 899 2280 peccato
929 2195 1137 2270 constitutus,
1162 2217 1184 2258 a
1206 2215 1273 2280 quo
1294 2193 1362 2279 ipse

306 2315 437 2380 surgere
467 2295 613 2372 nescivit,
642 2295 811 2382 expediret
839 2300 874 2361 et
902 2296 1027 2360 bonum
1057 2301 1142 2361 esset
1172 2295 1240 2360 sibi
1269 2294 1359 2359 adire

306 2396 449 2482 aliquem
479 2403 628 2462 sanctum
651 2402 686 2461 et
709 2397 885 2462 discretum
907 2398 1114 2474 sacerdotem,
1138 2419 1199 2483 pro
1223 2396 1358 2463 consilio

306 2498 349 2561 ab
372 2519 409 2562 eo
432 2497 589 2563 habendo.
636 2498 702 2563 Sed
724 2499 812 2584 quod
838 2499 1049 2564 confiteretur
1068 2506 1243 2586 peccatum
1266 2519 1361 2564 suum

305 2600 437 2686 proprio
464 2599 589 2665 curato*
613 2621 671 2665 seu
697 2597 808 2665 alteri³
832 2601 1032 2686 presbytero,
1049 2600 1150 2668 etism
1174 2601 1204 2666 si
1227 2600 1362 2665 haberet

305 2700 431 2786 copiam
454 2701 605 2787 ejusdcm,
637 2723 703 2765 non
726 2706 776 2766 est
798 2702 1013 2767 necessarium
1036 2702 1253 2780 adsalutem,
1286 2701 1362 2787 quia

304 2803 373 2868 sola
403 2802 598 2867 contritione
631 2808 798 2888 peccatum
832 2802 1020 2890 hujusmodi
1052 2803 1152 2868 deleri
1184 2808 1306 2891 posset,
1328 2808 1362 2867 et

304 2904 373 2991 ipse
395 2909 544 2991 peccator
566 2904 707 2991 purgari

140 3036 195 3089 Th
208 3040 294 3090 adora
350 3005 446 3072 Circa
475 3006 699 3072 adorationem
729 3011 851 3073 sancta)
888 3006 999 3084 crucis,
1039 3005 1127 3072 dixit
1156 3010 1192 3072 et
1222 3005 1362 3072 asseruit

139 3106 191 3155 ¹¹⁰⁰
203 3107 233 3156 ⁰¹
245 3107 288 3157 ¹1¹⁰
305 3111 384 3173 tunc
408 3108 538 3185 ibidem,
561 3108 648 3194 quod
664 3109 769 3173 solum
792 3130 907 3194 corpus
923 3109 1056 3185 Christi,
1082 3110 1171 3195 quod
1194 3109 1361 3196 pendebat

140 3186 215 3223 “⁰⁸³
305 3209 340 3273 in
365 3232 466 3290 eruce,
495 3210 610 3276 debuit
634 3210 783 3290 odorari;
816 3211 999 3296 quiaillud
1024 3211 1361 3297 corpussolumfuit

305 3317 411 3377 otest
435 3333 516 3376 crux
540 3312 713 3377 adoranda
759 3312 805 3377 Et
831 3313 1062 3399 interrogatus,
1085 3335 1183 3398 quem
1200 3312 1358 3379 honorem

304 3414 424 3479 faceret
447 3414 583 3500 imagini
598 3414 700 3499 ipsius
722 3415 833 3490 crucis,
858 3415 1027 3500 respondit
1042 3415 1152 3480 verbis
1173 3415 1362 3501 expressis3

304 3516 392 3600 quod
429 3516 524 3580 illum
561 3516 667 3580 solum
704 3515 860 3581 honorem
897 3516 1017 3582 faceret
1047 3516 1119 3591 sibi,
1152 3517 1243 3602 quod
1273 3516 1356 3581 bene

304 3617 478 3681 mundaret
500 3623 640 3693 calmet
663 3624 798 3704 poneret
819 3619 856 3682 in
878 3617 966 3683 bona
987 3616 1144 3684 custodia.

140 3736 265 3790 ‘lhos
211 3754 265 3803 pos
267 3754 294 3789 er
350 3719 466 3798 Quoad
485 3724 682 3834 potestatem
699 3719 849 3796 clavium,
874 3720 1043 3784 dominum
1063 3724 1214 3785 nostrum
1229 3736 1359 3806 papam,
1422 3720 1425 3729 '

139 3806 292 3871 ⁰s¹¹¹⁶¹¹²5⁸·
287 3820 566 3908 archiepiscopos,
598 3821 761 3906 episcopos
791 3826 826 3886 et
855 3821 935 3886 alios
961 3821 1123 3906 praelatos,
1152 3821 1241 3886 dixit
1272 3822 1378 3908 quod

304 3945 390 4010 papa
413 3928 463 3989 est
492 3945 588 3988 verus
618 3923 849 3999 Antichristus,
881 3922 942 3988 hoc
978 3927 1035 3998 est,
1064 3926 1164 4008 eaput
1190 3923 1360 4008 ejusdem

304 4025 536 4112 archiepiscopi
560 4028 595 4088 et
618 4024 766 4110 episcopi,
790 4045 917 4089 necnon
940 4023 998 4087 alii
1024 4024 1162 4109 praelati,
1188 4024 1340 4091 membra
1352 4047 1362 4105 3

304 4132 338 4191 et
354 4127 471 4192 fratres
487 4126 590 4191 cauda
612 4123 779 4211 ejusdem.⁰
823 4125 953 4206 Quibus
975 4147 1080 4212 pepae,
1100 4123 1360 4214 archiepiscopis,

338 4438 345 4472 ¹
355 4441 443 4506 ponis]
458 4457 505 4492 om.
518 4440 549 4502 11,
560 4440 640 4492 wilk.
818 4448 823 4507 1
889 4438 1007 4506 ⁴cnrceo]
1020 4455 1069 4491 οιιι.
1080 4438 1160 4492 Fore.

337 4521 545 4585 ’sacrararum
559 4535 665 4583 sacrum,
677 4519 755 4572 Foxe.
817 4512 824 4649 Ι
890 4521 952 4570 'cra
963 4518 1048 4586 nitere]
1061 4518 1251 4582 vel,L,Wi1k.

337 4599 429 4665 ἐπει]
444 4613 492 4650 om.
506 4598 539 4661 A,
551 4599 629 4649 Fore.
890 4596 1027 4665 'ejurdafl
1040 4597 1116 4661 illim,
1129 4599 1208 4649 noxe
