3008 5490
238 685 281 750 30
549 691 727 748 aseneum
749 688 975 746 culmorum

236 891 269 953 et
284 892 396 952 tamen
411 905 579 972 nunquam
593 884 659 950 fuit
673 883 721 949 ita
739 885 827 970 quod
853 881 970 948 Petrus
991 887 1041 948 est
1059 886 1154 970 pater
1176 881 1274 958 Pauli,

235 990 314 1075 quia
322 1009 490 1072 nunquam
506 988 603 1052 simul
613 986 819 1052 exstiterrmt.
850 984 948 1051 Unde
958 984 1059 1071 juxte
1066 986 1113 1050 sic
1122 991 1274 1061 tenentes,

234 1093 299 1156 ista
312 1090 451 1156 relativa
465 1094 559 1177 pater
574 1088 619 1155 et¹
635 1089 723 1154 filius
744 1110 811 1154 non
833 1092 1075 1175 consequuntur
1096 1109 1131 1155 se
1154 1092 1274 1164 mutuo,

234 1215 369 1279 semper,
386 1196 421 1257 et
434 1214 494 1278 pro
509 1192 623 1257 eodem
637 1197 792 1277 tempore

279 1295 387 1361 Aliter
399 1301 512 1359 tamen
526 1294 606 1369 dico,
622 1298 657 1359 et
671 1293 775 1380 magis
796 1291 840 1358 ad
860 1291 1076 1358 intentionem
1090 1291 1275 1379 Smiptmae,

234 1396 322 1482 quod
344 1400 453 1482 patres
478 1396 686 1483 appellantur
706 1394 930 1471 diversimode,
946 1394 1070 1460 scilicet
1088 1399 1216 1472 natura,
1239 1398 1276 1459 ut

232 1498 402 1564 Abraham
431 1503 580 1586 respectu
606 1498 707 1574 Isaac,
738 1497 913 1583 adoptione
934 1495 1019 1561 deut
1040 1497 1197 1583 praecepit
1224 1497 1275 1562 lex

233 1599 331 1665 Dent
357 1621 436 1681 xxv,
454 1603 483 1676 5,
507 1606 547 1665 ut
570 1600 598 1665 si
622 1600 695 1686 quis
718 1604 877 1664 uxoratus
902 1597 1133 1684 defungeretur
1155 1599 1276 1684 absque

232 1703 350 1779 liberis,
367 1703 469 1769 frater
483 1703 553 1790 ejus
574 1703 603 1767 si
623 1723 720 1788 quem
740 1701 877 1767 haberet
901 1700 1053 1777 solutum,
1069 1700 1278 1786 desponsaret

232 1828 367 1871 uxorem
382 1828 496 1887 suam3
519 1811 553 1870 et
568 1804 621 1870 ille
636 1804 664 1868 si
678 1803 784 1868 filium
798 1807 989 1889 procrearet,
1005 1803 1168 1867 diceretur
1191 1803 1278 1867 filius

230 1909 365 1973 alterius
388 1907 499 1972 framis
529 1907 682 1982 defuncti,
707 1912 742 1971 et
770 1905 819 1970 ita
847 1905 902 1971 lex
928 1904 1080 1972 defuncto
1106 1905 1278 1991 adoptavit

230 2009 344 2075 filium.
404 2009 515 2075 Tertio
548 2009 645 2073 modo
671 2008 792 2073 dicitur
819 2012 914 2095 pater
939 2007 1077 2093 quilibet
1105 2029 1278 2093 praecessor

231 2110 363 2175 duecte
384 2110 603 2196 generationis
625 2111 792 2186 naturalis
812 2115 852 2175 ut
876 2131 966 2186 avus,
985 2113 1110 2184 atavus,
1126 2131 1276 2195 proavus,

230 2217 265 2276 et
293 2213 342 2276 ita
371 2212 412 2276 de
442 2211 514 2276 aliis
544 2233 647 2297 usque
672 2213 716 2276 ad
745 2213 888 2298 primum
917 2216 1086 2297 parentem
1111 2211 1277 2277 inclusive.

231 2313 331 2377 Multi
345 2313 446 2377 etiam
461 2319 540 2377 sunt
554 2313 610 2378 alii
630 2314 728 2393 modi,
746 2327 827 2399 quos
850 2314 984 2400 longum
1006 2318 1091 2378 esset
1116 2334 1275 2391 enarrare,

230 2415 351 2480 scilicet
370 2415 588 2501 antiquitatis,
605 2415 807 2492 imitationis,
827 2416 1020 2482 voluntarie
1034 2416 1228 2502 adoptionis,
1243 2422 1278 2481 et

230 2517 278 2581 ita
304 2518 344 2582 de
364 2517 443 2582 aliis
491 2517 604 2582 Patres
630 2539 707 2604 ergo
733 2518 836 2583 nostri
862 2518 1016 2582 dicantar
1040 2518 1076 2582 in
1101 2519 1275 2605 proposito,

229 2641 272 2684 ex
287 2641 427 2706 quorum
449 2621 611 2707 progenie,
627 2604 768 2685 mediate
790 2619 844 2685 vel
865 2620 1061 2696 immediate,
1085 2621 1143 2685 sed
1165 2626 1276 2686 tamen

229 2722 431 2809 originaliter
475 2722 705 2798 descendimus,
750 2722 804 2786 vel
849 2742 987 2807 quorum
1029 2721 1276 2788 similitudinem

228 2826 374 2890 moribus
399 2830 434 2890 et
458 2825 530 2889 vita
554 2827 819 2912 representamus
867 2821 923 2887 Sic
946 2823 1033 2887 enim
1048 2824 1167 2901 Adam,
1191 2824 1274 2901 Noe,

206 2931 263 2989 .et
287 2926 455 2992 Abraham
481 2927 616 2991 fuemmt
640 2931 750 3013 patres
778 2923 890 3000 nostri,
922 2925 1022 2989 etiam
1052 2926 1185 3010 quando
1215 2948 1274 2991 nos

228 3048 294 3090 non
314 3028 443 3103 fuimus,
460 3049 520 3092 nec
546 3050 689 3113 unquam
714 3027 779 3091 fuit
804 3028 852 3091 ita
872 3026 959 3112 quod
981 3028 1043 3112 ipsi
1065 3034 1144 3092 sunt
1167 3035 1276 3115 patres

227 3129 349 3207 nostri3
387 3151 445 3192 nos
479 3133 590 3193 tamen
620 3150 732 3193 sumus
765 3129 826 3192 filii
855 3150 966 3193 eorum
997 3130 1204 3194 conformiter
1230 3131 1276 3196 lo-

228 3229 365 3311 quend0,
386 3229 406 3290 i.
418 3251 443 3291 e.
459 3229 580 3312 posteri
602 3230 655 3293 vel
678 3230 865 3306 imitatores,
891 3231 968 3315 quia
989 3230 1086 3315 hujus
1108 3232 1276 3298 relationis

227 3349 311 3390 unus
326 3327 485 3392 terminus
500 3334 550 3393 est
565 3335 648 3404 actu,
665 3336 700 3394 et
722 3331 806 3395 alter
825 3333 994 3418 praeoessit.
1041 3332 1140 3399 Unde
1159 3334 1274 3420 hujus-

226 3428 314 3491 modi
356 3428 581 3495 diversimodae
623 3432 816 3517 acceptionis
854 3435 1038 3521 exemplum
1076 3437 1218 3501 smnitur
1254 3460 1275 3502 a

231 3528 263 3591 ll.
277 3529 472 3616 Augustino,
490 3541 531 3595 11⁰
547 3531 829 3599 Retractationum
852 3557 919 3622 cap.
934 3541 984 3612 55,
1011 3537 1068 3620 qui
1083 3539 1219 3623 loquens
1234 3541 1274 3604 de

226 3629 377 3697 Samuele
393 3633 438 3696 sic
453 3633 552 3698 dicit:
588 3645 605 3670 “
617 3635 778 3712 Samuel‚”
798 3637 914 3722 inquit,
942 3648 960 3676 “
974 3661 1100 3704 summo
1115 3643 1273 3706 sacerdoti

228 3733 315 3797 “Eli
339 3737 498 3812 successit,
534 3757 607 3801 cum
631 3743 743 3803 tamen
772 3741 946 3805 sacerdotis
975 3742 1062 3805 filius
1087 3764 1153 3807 non
1180 3749 1272 3817 esset,

226 3846 245 3871 “
259 3838 316 3901 sed
331 3843 442 3904 tamen
462 3861 504 3905 ex
522 3840 619 3919 filiis3
640 3839 701 3905 hoc
723 3846 780 3917 est,
805 3864 846 3906 ex
864 3844 1001 3928 posteris
1027 3850 1111 3908 esset
1132 3845 1274 3910 Aaron''

225 3938 307 4004 Ecce
330 3940 436 4026 primo
459 3942 540 4006 dicit
563 3963 636 4006 cum
656 3944 830 4008 sacerdotis
845 3944 950 4008 filium
973 3967 1040 4010 non
1059 3968 1135 4021 esse,
1152 3949 1274 4013 scilicet

224 4043 416 4118 naturalem,
444 4049 478 4109 et
504 4045 749 4126 immediatum3
771 4048 827 4110 sed
849 4053 962 4132 postea
986 4048 1065 4111 dicit
1085 4069 1160 4112 eum
1176 4050 1273 4114 firisse

223 4165 264 4206 ex
280 4143 356 4206 filiis
367 4144 479 4210 Aaron
494 4146 677 4222 sacerdotia,
695 4147 751 4212 ie.
761 4169 802 4212 ex
819 4150 955 4233 posteris
970 4171 1028 4234 per
1042 4152 1271 4215 successionem

222 4245 365 4329 originis,
382 4251 421 4310 ut
436 4248 581 4331 praediri.
628 4249 681 4313 Ex
697 4251 816 4335 quibus
831 4253 981 4318 omnibus
1001 4259 1093 4341 patet
1108 4256 1272 4343 responsio

223 4347 265 4410 ad
288 4348 499 4412 auctoritates
521 4349 702 4434 praedictas.

643 4601 649 4631 ¹
662 4601 697 4666 a]
717 4611 760 4655 <aa
773 4605 827 4654 us.
