3158 5490
271 720 336 787 362
589 731 768 783 mscrcum
805 729 1031 784 zmsuroauu

271 925 365 986 extra
389 919 519 997 coelum,
545 918 671 985 virtute
695 919 872 985 verborum
898 918 1080 984 sacerdotis
1103 916 1329 983 includeretur

271 1021 485 1087 essentialiter
507 1021 543 1085 in
564 1043 666 1108 parvo
682 1043 775 1109 panc,
792 1043 889 1107 quem
912 1021 976 1107 ipsi
991 1020 1182 1086 ostendunt
1204 1018 1328 1106 populo

271 1124 337 1188 Sed
352 1124 451 1188 vellet
476 1124 566 1188 Deus
592 1125 681 1210 quod
706 1123 769 1210 ipsi
792 1123 918 1188 vellent
941 1122 1074 1188 credere
1098 1120 1195 1208 quod
1222 1121 1328 1187 doctor

270 1226 477 1312 evangelicus
511 1225 592 1291 dicit
621 1227 658 1290 in
680 1248 738 1291 suo
765 1222 940 1312 Τι’ἰιιὶοςο,ι
966 1224 1057 1309 quod
1087 1223 1191 1311 panis
1219 1221 1328 1288 altaris

271 1332 321 1393 est
346 1327 560 1392 habitualiter
585 1349 701 1414 corpus
726 1326 870 1393 Christi:
906 1325 986 1413 quia
1015 1347 1077 1392 nos
1102 1325 1325 1413 supponimus,

272 1429 360 1514 quod
383 1451 443 1516 per
465 1429 567 1494 istum
590 1430 724 1494 modum
747 1432 857 1515 potest
880 1427 1020 1515 quilibet
1044 1428 1159 1494 fidelis
1185 1428 1328 1493 homoct

272 1531 390 1596 mulier
419 1531 454 1595 in
485 1531 548 1596 Dei
579 1532 649 1617 lege
680 1530 785 1596 facere
815 1535 1055 1596 sacramentum
1095 1530 1198 1596 istius
1228 1527 1325 1617 panis,

273 1633 342 1699 sine
364 1634 475 1720 aliquo
499 1633 559 1698 tuli
582 1633 746 1698 miraculo.

318 1737 531 1801 Corellsrium
562 1736 754 1802 concludens
777 1741 834 1811 est,
858 1734 946 1821 quod
969 1734 1047 1799 licet
1069 1755 1192 1821 corpus
1209 1729 1326 1800 Christi

273 1837 318 1903 sit
344 1839 495 1904 dotatum
525 1837 725 1925 sempiterno
754 1837 883 1925 gaudio,
915 1836 1091 1901 servitium
1122 1837 1166 1901 dc
1198 1856 1325 1923 corpore

274 1938 397 2004 Christi
434 1940 556 2005 factum
594 1962 653 2026 per
690 1939 826 2005 fratrem
856 1937 1015 2003 Thomam
1045 1959 1114 2003 non
1145 1958 1267 2003 verum
1294 1944 1325 2001 et

273 2042 408 2126 pictum,
425 2041 558 2128 plenum
576 2039 672 2129 [estP
694 2041 783 2107 salsis
798 2040 970 2105 mussulis.
1017 2039 1097 2106 Non
1122 2045 1176 2106 est
1200 2039 1325 2118 mirum,

274 2143 352 2228 quia
389 2143 490 2209 frater
528 2144 669 2208 Thomas
707 2142 763 2209 illc
800 2147 947 2229 tempore
980 2147 1097 2208 tenens
1137 2164 1216 2207 cum
1246 2162 1325 2230 papa

273 2243 429 2310 voluisset
459 2245 568 2311 fecisse
599 2244 791 2311 miraculum
829 2245 870 2309 de
909 2266 971 2308 ovo
1001 2243 1157 2330 gallinas:
1205 2249 1242 2309 et
1273 2265 1325 2308 nos

274 2348 494 2433 cognoscimus
524 2348 616 2423 bene,
654 2347 742 2433 quod
774 2345 944 2432 quodlibet
974 2346 1185 2411 mendacium
1218 2352 1325 2433 aperte

274 2449 486 2534 praedicatrun
513 2449 617 2514 vertit
638 2450 681 2514 ud
704 2449 842 2515 dedecus
868 2448 956 2513 illius
983 2447 1042 2533 qui
1072 2470 1205 2535 semper
1232 2468 1327 2514 verax

275 2557 333 2629 est,
361 2558 396 2618 et
421 2553 490 2618 sine
517 2551 628 2638 aliquo
655 2552 791 2619 defectu.

781 2766 821 2831 V.

179 2936 194 2968 n
321 2902 417 2984 Quod
443 2900 613 2968 exorcismi
638 2906 673 2968 et
698 2900 939 2967 benedictiones
961 2899 1055 2966 factae
1079 2921 1182 2986 super
1205 2899 1327 2976 vinum,

109 2987 209 3036 exorcis
275 3027 401 3090 panem,
442 3026 570 3091 aquam,
610 3009 645 3068 et
677 3005 792 3080 oleum,
833 3003 889 3079 sal,
926 3025 1039 3078 ceram,
1081 3008 1117 3067 et
1147 3001 1325 3077 incensum,

172 3135 187 3167 ο
276 3106 435 3193 lapidem³
473 3107 595 3183 ulteris,
631 3112 666 3170 ct
699 3105 839 3172 ecclesiae
875 3126 993 3182 muros,
1021 3126 1120 3190 super
1148 3105 1326 3170 vestimen·

109 3199 163 3297 ,ᾗ
187 3267 204 3300 u
276 3214 356 3285 tum,
391 3207 545 3284 calicem,⁴
580 3208 722 3285 mitram,
747 3230 883 3285 crucem,
914 3213 949 3272 et
974 3205 1107 3270 baculos
1136 3205 1329 3293 peregn‘ino

152 3351 160 3367 ·
275 3332 358 3390 rum,
396 3317 474 3377 sunt
511 3332 591 3376 vera
621 3311 763 3396 practica
803 3308 1033 3376 necromantia
1072 3306 1189 3394 potius
1226 3329 1329 3394 quam

276 3435 374 3478 sacrae
400 3412 580 3499 theologius.

321 3515 392 3580 Ista
422 3515 583 3581 conclusio
614 3516 771 3601 probatur
801 3513 869 3592 sic;
907 3513 984 3597 quia
1017 3533 1076 3597 per
1112 3512 1198 3577 tales
1238 3533 1330 3576 exor-

275 3616 390 3682 cismos
414 3623 571 3682 creaturae
595 3617 797 3682 honorantur
823 3638 890 3681 esse
915 3613 1041 3679 altioris
1056 3611 1204 3692 virtutis,
1230 3636 1329 3701 quam

274 3717 360 3783 sint⁶
375 3720 411 3784 in
433 3725 553 3784 natura
579 3741 638 3783 sua
660 3717 798 3806 propria,
815 3723 850 3783 et
872 3739 931 3782 nos
953 3738 1018 3781 non
1034 3714 1188 3780 videmus
1203 3715 1328 3801 aliquid

274 3821 465 3888 mutationis
499 3822 535 3885 in
564 3821 674 3907 aliqua
698 3827 853 3896 creatura
881 3840 954 3904 quae
983 3823 1034 3884 est
1059 3815 1105 3883 sic
1132 3818 1327 3892 exorcizata,

275 3925 338 3990 nisi
375 3947 433 4010 per
478 3924 593 3990 falsam
640 3923 747 3999 fidem,
797 3921 885 4008 quod
933 3926 984 3986 est
1029 3918 1211 4006 principale
1249 3920 1328 3986 artis

276 4027 453 4093 diabolicae.

321 4126 556 4195 Corollarium:
576 4128 664 4213 quod
689 4126 716 4191 si
740 4121 824 4192 liber
848 4119 1055 4191 exorcizandi
1085 4145 1208 4210 aquam
1233 4124 1329 4192 bene-

308 4495 315 4527 ¹
328 4494 431 4561 Wyclif,
443 4491 519 4546 Triei
532 4502 568 4546 lt.
581 4508 602 4545 c.
616 4495 639 4546 7.
857 4488 994 4557 ⁸1opihm]
1008 4486 1111 4555 lapides,
1123 4486 1207 4542 th.

307 4578 317 4605 ²
325 4577 417 4639 pictum
432 4573 529 4639 plenum
541 4572 589 4639 cst]
614 4572 700 4625 fictum
721 4569 773 4638 ple·
858 4570 987 4635 ⁴colicem]
1000 4585 1049 4620 om.
1062 4565 1183 4627 G‚Wilk.

275 4669 336 4705 num
347 4653 382 4718 A,
394 4654 488 4719 pictum
499 4651 579 4718 plene,
590 4651 623 4705 G.
806 4705 812 4716 ,
858 4651 940 4717 ³u‘ut]
954 4658 1019 4710 sunt.
1032 4648 1065 4710 G,
1073 4647 1153 4699 wilh
