3008 5490
226 745 270 810 92
537 752 716 808 rascronm
739 749 964 805 zrzanroams

227 944 263 1007 Si
293 964 370 1007 vero
400 941 528 1007 dicatur
553 943 641 1029 qnod
670 964 737 1007 non
767 947 817 1007 cst
846 936 997 1027 possibile
1028 935 1169 1004 vacuum
1203 937 1277 1001 infi-

226 1045 334 1108 nitum
357 1065 432 1121 esse,
464 1050 544 1109 tunc
574 1067 675 1131 arguo
705 1044 757 1108 sic.
817 1042 967 1108 vacuum
998 1040 1166 1105 infinitum
1197 1061 1276 1116 esse,

226 1151 260 1209 et
290 1145 417 1209 nullum
448 1166 586 1211 vacuum
623 1145 791 1211 infinitum
829 1166 898 1209 esse
935 1142 1116 1208 formaliter
1146 1147 1277 1207 contra

226 1247 361 1325 dicunt;
401 1269 476 1334 ergo
507 1248 571 1312 ista
606 1245 818 1312 contradictio
849 1250 920 1310 est:
960 1251 993 1310 et
1023 1245 1181 1330 sequitur,
1212 1244 1277 1307 ista

226 1349 438 1414 contradictio
464 1355 534 1427 est3
566 1371 641 1435 ergo
671 1355 847 1434 utrumque
877 1351 1061 1412 extremum
1088 1345 1186 1410 istius
1201 1367 1277 1409 con-

226 1449 429 1515 tradictionis
451 1457 522 1529 est3
545 1451 603 1516 sed
628 1449 734 1515 omne
749 1450 836 1536 quod
861 1452 919 1525 est,
936 1455 987 1514 est
1012 1467 1155 1534 praesens
1181 1445 1276 1524 Deo;

227 1574 302 1639 ergo
339 1558 515 1638 utrumque
552 1558 735 1617 extremum
779 1552 874 1616 istius
919 1549 1185 1616 contradictionis
1224 1554 1275 1612 est

226 1676 366 1739 praesens
392 1655 469 1720 Dco.
517 1655 582 1720 Sed
605 1677 745 1719 vacuum
768 1653 937 1717 infinitum
963 1656 1106 1717 esseest
1133 1650 1276 1715 alterum

226 1762 410 1822 extremum
448 1756 543 1821 istius
580 1755 868 1833 contradictionis;
908 1775 984 1840 ergo
1022 1775 1163 1819 vacuum
1200 1752 1276 1815 infi-

225 1858 335 1922 nitum
365 1879 432 1923 esse
462 1864 511 1922 est
541 1879 682 1944 praesens
720 1858 798 1922 Deo.
846 1856 891 1920 Et
921 1879 1021 1942 arguo
1049 1855 1103 1930 sic,
1136 1876 1204 1919 non
1235 1854 1275 1918 de

226 1960 328 2046 signis
354 1960 411 2023 sed
434 1959 579 2046 signatis,
604 1966 642 2023 ut
668 1959 772 2045 magia
798 1959 988 2023 conveniam
1015 1980 1089 2022 curn
1116 1955 1276 2042 Magistro

227 2083 306 2125 meo.

271 2162 317 2226 Et
347 2183 367 2224 a
396 2161 466 2246 pan‘
491 2161 638 2246 sequitur
662 2163 750 2248 quod
773 2184 901 2229 omnem
926 2183 993 2227 rem
1019 2183 1086 2226 esse
1110 2159 1145 2224 in
1173 2181 1276 2225 vacuo

226 2263 357 2328 infinito
387 2268 437 2326 est
466 2284 609 2349 praesens
640 2263 718 2341 Deo,
747 2271 781 2329 et
811 2286 868 2351 per
894 2285 1099 2350 consequens,
1130 2267 1170 2326 ut
1194 2263 1276 2326 dicit

228 2364 393 2451 Magister,
411 2364 515 2429 omnis
537 2387 587 2430 res
607 2371 656 2430 est
679 2389 820 2452 praesens
844 2366 880 2430 in
895 2388 997 2431 vacuo
1022 2365 1159 2429 infinito.
1207 2363 1277 2428 Iste

226 2465 329 2553 igitur
350 2466 465 2530 modus
495 2468 652 2553 arguendi
675 2469 796 2533 directe
819 2468 982 2533 concludit
1012 2472 1124 2533 contra
1155 2464 1277 2551 Magis-

226 2574 316 2633 trum
335 2590 451 2633 meum.

59 2708 209 2764 narona.
273 2671 330 2735 IV.
355 2670 479 2751 Quarto
497 2671 717 2758 principaliter
735 2673 770 2736 in
790 2672 850 2737 hac
873 2672 1010 2737 materia
1028 2671 1136 2758 arguit
1152 2671 1276 2736 Dootor

59 4318 147 4388 Reply.

227 2779 341 2839 contra
369 2795 422 2837 me
451 2774 504 2838 sic.
551 2775 603 2837 Ex
641 2774 800 2860 positione
838 2796 904 2851 sua,
936 2781 975 2839 ut
1005 2774 1093 2850 dicit,
1125 2773 1274 2859 sequitur

227 2898 302 2941 cum
327 2876 421 2954 veris,
450 2876 538 2962 quod
560 2898 619 2962 pro
646 2877 759 2940 eodem
789 2875 929 2940 instanti
955 2876 1009 2941 vel
1034 2881 1180 2961 tempore
1208 2897 1273 2960 quo

229 2977 379 3043 Christus
428 2977 573 3043 extraxit
622 2982 731 3063 patres
769 2979 809 3041 de
846 2977 959 3055 limbo,
996 2977 1060 3042 fuit
1103 2975 1276 3060 cujuslibet

229 3081 407 3145 Christiani
446 3087 601 3167 perpetua
640 3079 807 3143 damnatio
845 3101 985 3165 pnesens
1019 3079 1107 3154 mihi,
1140 3079 1209 3142 sive
1241 3079 1276 3141 in

227 3182 401 3267 praesentia
445 3204 517 3245 mea
557 3183 593 3244 in
636 3181 769 3258 inferno,
810 3181 955 3265 quolibet
994 3202 1102 3245 eorum
1141 3180 1275 3244 vivente

227 3284 380 3347 continue
398 3283 620 3366 inpraesentia
643 3284 694 3346 ‹lei
722 3283 806 3346 mali.
856 3292 872 3315 “
889 3282 999 3346 Prima
1026 3279 1130 3367 pars,''
1156 3282 1275 3366 inquit,

230 3385 394 3446 “videtur
424 3405 465 3446 ex
496 3382 555 3446 hoc
586 3384 673 3467 quod
704 3405 798 3448 omne
829 3384 1033 3470 intelligibile
1060 3384 1123 3447 fuit
1150 3405 1277 3468 semper

228 3494 246 3521 “
262 3507 410 3570 praesens,
443 3507 516 3548 cum
553 3484 613 3548 hoc
652 3488 739 3570 quod
777 3485 867 3550 Deus
905 3487 1099 3571 quandoque
1130 3486 1278 3550 extraxit

229 3594 370 3674 “patres
397 3587 436 3652 de
464 3586 571 3663 linrlm,
597 3593 630 3651 et
656 3610 698 3651 ex
723 3589 782 3653 hoc
807 3589 895 3672 quod
921 3589 1095 3673 praesentia
1117 3610 1190 3652 mea
1213 3588 1277 3651 fuit

230 3700 388 3776 “semper
413 3696 447 3753 et
472 3689 592 3772 ubique
608 3688 638 3767 ;'’
662 3697 696 3754 et
722 3691 862 3754 secunda
888 3712 969 3775 pals,
987 3697 1025 3755 ut
1041 3691 1120 3754 dicit
1144 3691 1276 3765 Doctor,

227 3792 360 3856 videtur
390 3813 432 3855 ex
462 3791 521 3855 hoc
552 3792 643 3876 sequi
674 3793 762 3876 quod
798 3815 892 3856 omne
923 3792 1123 3856 intellectum
1155 3815 1175 3855 a
1206 3792 1277 3856 Deo

228 3894 349 3978 ubique
388 3900 438 3957 est
475 3916 634 3978 praesens:
682 3893 804 3957 infiniti
843 3895 889 3957 dii
927 3895 1064 3979 pessimi,
1105 3900 1139 3957 ct
1178 3894 1277 3957 etiam

228 3995 375 4059 meliores
406 3994 476 4059 Deo
506 4003 617 4060 nostro
639 3994 879 4080 intelligunturl
904 4018 924 4058 a
949 3994 1020 4059 Deo
1044 4003 1177 4073 nostr03
1201 4018 1277 4081 orgo

228 4098 367 4162 totidem
406 4097 592 4182 hujusmodi
630 4103 709 4162 sunt
752 4096 823 4161 Deo
861 4105 1044 4182 praesentes
1083 4098 1206 4182 ubique
1244 4105 1278 4162 et

228 4222 361 4285 semper,
386 4199 421 4263 in
445 4202 570 4266 ratione
593 4200 719 4284 objecti.

274 4300 339 4366 Sed
382 4303 446 4366 ista
485 4305 570 4367 ratio
615 4323 708 4386 mque
751 4301 802 4365 vel
850 4301 921 4386 plus
970 4303 1115 4389 procedit
1165 4309 1278 4367 contra

232 4528 549 4537 m-——h-nu.-
562 4529 664 4537 ...-.-...
680 4530 694 4540 v
711 4530 758 4537 η’..
781 4531 830 4536 --
845 4532 867 4536 -
892 4531 910 4538 ,γ
924 4532 1008 4537 ..ν-μ
1021 4527 1275 4541 -----—-—·—-=—⁴·--

536 4660 542 4692 ¹
556 4657 731 4726 intelliguntur]
746 4659 897 4727 intelligitur,
909 4661 964 4714 MS.
