3008 5490
544 706 723 758 risorcmr
744 707 968 759 memoretur.
1214 699 1278 762 185

231 899 311 963 tutes
339 897 433 984 panis
475 897 609 962 omnino
640 896 838 983 repugnent¹
869 897 1122 984 proprietatibus
1155 896 1278 966 Christi

230 1000 334 1064 earnis
360 1000 473 1077 vivae3
513 1019 587 1062 cum
617 999 661 1062 sit
695 1000 875 1085 proprietas
909 998 1024 1084 hujus⁹
1052 1001 1156 1087 panis,
1190 1003 1278 1086 quod

227 1104 352 1167 constet
385 1121 430 1164 ex
455 1099 564 1164 ferina
587 1105 622 1165 et
643 1119 730 1184 sque
744 1100 841 1165 simul
868 1101 1006 1166 deooctis
1032 1107 1065 1167 et
1091 1102 1278 1181 desioostis;

224 1203 283 1267 sed
311 1201 374 1266 hoe
408 1207 573 1287 repugnat
601 1206 729 1267 naturae
759 1200 888 1266 esruis³
916 1203 1003 1267 vivae
1033 1203 1078 1269 sio
1107 1204 1278 1290 oomponi,⁴

223 1302 280 1368 vel
302 1303 464 1368 desiooeri
510 1302 557 1393 Et
577 1308 670 1387 patet
693 1303 780 1367 dicta
802 1302 1048 1388 consequentie⁶
1070 1326 1137 1370 esse
1163 1307 1204 1370 de
1220 1307 1276 1370 -in-

222 1405 375 1470 tentione
394 1424 463 1480 sus,
479 1424 553 1468 cum
576 1408 678 1488 ponat
702 1404 824 1470 Christi
847 1426 960 1489 eorpus
983 1425 1051 1470 esse
1074 1426 1150 1471 vero
1172 1407 1275 1492 ipsam

223 1505 373 1570 hostium
392 1510 606 1570 consecratam
628 1526 727 1589 quam
746 1502 876 1569 fideles¹¹
897 1506 1046 1570 sentiunt
1068 1506 1104 1568 in
1125 1507 1275 1571 manibus

226 1605 428 1684 saeerdotis3
467 1611 500 1670 et
535 1605 626 1669 illem
655 1605 796 1670 hostiam
826 1606 901 1670 vult
930 1627 998 1670 esse
1028 1628 1145 1691 panem
1174 1612 1276 1674 mate-

226 1707 348 1771 rislem
370 1705 503 1771 eundem
521 1707 580 1789 qui
603 1706 736 1792 praefuit
762 1711 839 1771 ante
862 1707 1142 1771 consecrationem

277 1809 307 1871 5.
331 1806 471 1886 Quintus
494 1827 583 1873 error
607 1813 675 1872 est:
707 1807 795 1892 quod
815 1812 1054 1872 sacramentum
1071 1808 1184 1872 alteris
1198 1808 1277 1873 visi·

224 1908 303 1986 bile,
335 1908 423 1993 quod
460 1906 593 1974 videtur
631 1914 665 1973 et
702 1909 860 1993 tangitur,
900 1913 950 1972 est
990 1908 1121 1974 realiter
1161 1931 1275 1995 eorpus

223 2009 360 2076 Christi
406 2008 505 2075 Petet
528 2031 571 2074 ex
594 2009 797 2073 conclusione
823 2008 1069 2075 fundamenteli

270 2112 301 2176 6.
334 2109 457 2175 Sextus
486 2131 575 2175 error
601 2115 669 2174 est:
700 2110 789 2194 quod
812 2131 926 2195 eorpus
958 2111 1082 2177 Christi
1108 2111 1145 2176 in
1170 2134 1274 2177 saorsr

222 2216 339 2277 mento
368 2211 482 2276 ulteris
512 2210 644 2276 videtur
676 2211 769 2275 oculo
799 2212 963 2296 corporali,
995 2218 1029 2277 et
1058 2213 1119 2278 hoo
1148 2214 1275 2279 visione

222 2313 425 2390 immediata,
450 2332 524 2397 quae
549 2312 671 2377 seilicet
688 2312 876 2377 immediate
897 2313 1108 2380 terminetur⁷
1126 2315 1169 2378 sd
1193 2336 1271 2391 rem,

222 2413 279 2479 vel
301 2413 437 2497 aliquod
459 2414 528 2498 ejus
550 2412 703 2477 socidens

271 2513 363 2578 Bene
390 2520 502 2579 tamen
540 2519 648 2599 potest
684 2515 815 2578 ooneedi
844 2514 1008 2590 ostholioe,
1039 2514 1128 2597 quod
1156 2536 1271 2599 corpus

229 2614 357 2680 Christi
385 2615 432 2679 ibi
459 2615 593 2679 videtur
615 2615 742 2679 visione
772 2615 917 2678 mediata
930 2612 960 2691 ;8
990 2619 1029 2677 ut
1056 2613 1176 2677 dieitur
1202 2615 1275 2697 quis

225 2715 344 2788 videre
368 2714 537 2792 hominem,
554 2717 684 2800 quando
710 2716 815 2780 solum
839 2716 932 2780 videt
958 2714 1147 2777 immediate
1170 2719 1276 2778 vestes

227 2815 294 2880 sub
316 2815 432 2899 quihus
457 2823 507 2881 est
532 2817 637 2880 homo.
680 2815 739 2882 sio
764 2816 914 2880 enimin
938 2820 1138 2879 sacramento
1164 2814 1277 2879 imme·

226 2916 319 2981 diste
337 2917 432 2981 video
450 2917 638 2993 assidentia,
660 2918 721 2981 sub
741 2917 868 3001 quibus,
890 2917 933 2980 ad
955 2936 1083 2979 omnem
1107 2920 1274 3001 punctum,

225 3024 276 3082 est
306 3023 414 3082 totum
444 3040 558 3103 eorpus
591 3016 715 3083 Christi
727 3043 735 3096 ;
773 3018 875 3082 etsie
904 3037 1044 3101 congrue
1073 3021 1181 3100 potest
1211 3015 1276 3081 dici

223 3118 313 3203 quod
352 3117 517 3183 mediate⁹
545 3119 641 3183 video
677 3141 791 3204 eorpus
832 3118 954 3187 Christi
992 3117 1028 3178 in
1066 3121 1273 3193 sacramento,

224 3221 318 3284 oculo
333 3220 491 3305 corporali
503 3245 511 3297 ;
533 3220 589 3284 sed
619 3242 685 3283 non
709 3221 834 3283 visione
861 3218 1058 3293 immediate,
1089 3224 1129 3280 ut
1159 3217 1275 3302 praedi·

224 3323 318 3385 citur.
365 3321 432 3385 Sed
455 3322 542 3404 quod
568 3321 628 3384 hoo
652 3322 696 3384 sit
723 3322 763 3385 de
790 3320 973 3384 intentione
994 3341 1053 3383 sua
1076 3323 1176 3402 patet,
1201 3340 1275 3382 cum

223 3423 417 3486 immediata
438 3422 564 3486 visione
584 3422 716 3490 videtur
739 3422 846 3484 hostia
867 3419 943 3484 albe
962 3425 996 3484 et
1011 3419 1159 3495 rotunde
1175 3441 1289 3503 quam·

224 3525 320 3607 ponit
350 3524 481 3588 realiter
514 3545 581 3586 esse
618 3545 732 3607 corpus
771 3522 916 3599 Christi3
961 3520 1057 3584 tam¹⁰
1079 3522 1156 3604 quia
1194 3521 1275 3583 <licit

224 3644 373 3708 expresse
396 3624 483 3707 quod
506 3645 618 3708 oorpus
640 3622 763 3687 Christi
786 3623 822 3684 in
843 3622 951 3685 hostia
972 3622 1120 3696 sentitur,
1145 3626 1178 3684 et
1200 3641 1275 3683 con·

225 3731 293 3788 stat
320 3725 408 3808 quod
429 3747 495 3791 non
521 3730 570 3788 est
600 3725 704 3808 major
730 3721 839 3788 rstio¹¹
866 3723 906 3786 de
932 3720 1023 3785 elio¹²
1046 3743 1149 3796 sensu,
1175 3742 1273 3803 quem

185 3884 187 3887 ,
228 3824 294 3888 de¹³
311 3817 413 3888 visu*

260 4057 266 4085 ¹
283 4056 547 4119 param-repuqnent]
567 4071 616 4104 non
639 4070 730 4118 repug·
809 4052 977 4115 ¹trrminerur]
992 4050 1160 4105 terminentur,
1173 4049 1206 4096 D.

226 4142 294 4189 nant,
307 4135 340 4182 Α.
806 4130 943 4192 ἠιειίἱαίιι]
964 4127 1111 4186 immediata,
1125 4128 1156 4184 Ι),
1168 4126 1198 4173 Ε,

222 4266 227 4272 ¹
259 4211 366 4276 Νικίας]
387 4212 537 4273 hujusmodi,
551 4211 583 4269 A,
596 4212 625 4259 E.
805 4207 938 4270 ¹mediore]
962 4204 1108 4263 immediate,
1127 4204 1149 4250 E
1169 4203 1218 4251 sud
1238 4201 1271 4258 D,

260 4291 269 4318 ⁸
281 4298 375 4337 ualuroe
387 4290 483 4353 mmsis]
503 4289 579 4346 carni,
591 4291 625 4336 A.
772 4288 827 4335 first
837 4286 904 4334 hand
916 4305 922 4342 ;
940 4282 1045 4332 mediate
1061 4283 1087 4331 in
1099 4279 1204 4343 margin.

298 4369 303 4379 “
805 4366 823 4394 ¹⁰
836 4363 897 4426 tom]
917 4371 1020 4419 tuntum,
1032 4361 1077 4419 A;
1095 4368 1186 4412 tamen,
1198 4356 1229 4404 E.

490 4462 551 4494 conc
564 4445 647 4494 usione
719 4465 725 4502 3
805 4443 820 4472 ¹¹
834 4441 909 4504 ratio]
929 4455 976 4489 om.
990 4440 1022 4487 D.

804 4520 894 4583 12ιιΙὶο]
909 4519 999 4580 aliquo,
1011 4518 1043 4575 D,
1056 4517 1086 4563 E.

257 4602 267 4630 ¹
272 4601 373 4666 fideles]
384 4602 468 4651 fideles
477 4610 584 4680 cernunt
589 4602 680 4664 (thus),
691 4601 722 4650 D.
804 4598 875 4662 1ἰὴ]
894 4611 943 4646 om.
955 4595 989 4655 A,
1001 4594 1031 4643 E.
