3158 5490
578 723 757 771 mercum
779 721 1004 772 mzamonme
1273 708 1320 773 33

260 911 430 998 cognoscit
458 932 483 975 a
511 931 580 975 eme
611 909 787 996 cognitum
825 909 868 973 ah
904 908 1040 989 eodem;
1078 908 1156 995 quia
1189 930 1318 975 omnem

260 1015 440 1078 veritatem
464 1011 557 1076 Deus
582 1011 738 1076 intuitive
768 1013 940 1097 cognoscit
965 1016 1000 1076 et
1024 1012 1086 1076 hoc
1111 1017 1162 1076 est
1186 1014 1318 1087 veritas,

260 1115 385 1179 scilicet
404 1114 493 1200 qnod
510 1135 534 1177 o
554 1119 604 1178 est
625 1113 793 1199 cognitum
815 1135 836 1176 a
859 1114 937 1188 Deo,
952 1135 1031 1198 ergo
1048 1114 1139 1178 Deus
1163 1114 1319 1178 intuitive

263 1217 468 1302 cognoscito
487 1237 555 1280 esse
577 1216 745 1301 cognitum
764 1215 807 1278 ab
827 1237 875 1279 eo.
917 1213 1141 1279 Confirmatur
1158 1216 1244 1280 ratio
1263 1217 1317 1280 sic.

261 1317 468 1402 Quocunque
492 1316 745 1403 apprehensione
775 1316 866 1380 Deus
895 1315 1099 1402 intelligito
1122 1339 1215 1402 posse
1240 1339 1317 1392 csse,

259 1419 376 1485 eadem
399 1419 557 1505 intelligit
574 1440 620 1496 o,-
643 1418 700 1483 sed
719 1417 896 1482 clarissima
910 1418 1035 1483 visione
1055 1418 1125 1483 sive
1142 1419 1318 1483 intuitione

261 1520 358 1585 Deus
386 1521 591 1606 intelligito
613 1541 706 1605 pooee
735 1541 823 1597 esse;
853 1541 930 1603 ergo
956 1525 991 1583 et
1015 1519 1191 1584 intuitione
1221 1520 1319 1584 intel-

263 1622 343 1708 ligit
365 1644 410 1700 a;
441 1627 476 1687 et
502 1644 569 1687 non
602 1622 701 1686 aliter
735 1621 825 1685 Deus
856 1620 1012 1705 intelligit
1043 1642 1074 1695 o,
1107 1640 1207 1705 quam
1243 1642 1318 1707 cog-

259 1723 371 1788 noscit
392 1746 423 1799 α,
444 1746 522 1810 ergo
543 1724 728 1809 cognitione
750 1722 908 1786 intuitiva
929 1720 1022 1786 Deus
1044 1723 1209 1806 cognoscit
1229 1744 1261 1788 a.

307 1827 337 1890 a
375 1825 486 1889 Tertio
527 1825 749 1912 principaliter
788 1830 901 1888 contra
939 1823 1036 1887 istam
1076 1824 1317 1909 responsionem

259 1927 414 2012 arguitur
436 1927 492 1990 sic
538 1926 620 1989 Tam
643 1925 786 2012 perfecta
809 1931 859 1989 est
888 1924 1101 2010 apprehensio
1123 1948 1144 1989 a
1169 1926 1317 2011 possibili

261 2028 297 2092 in
311 2049 430 2114 genere
452 2028 654 2114 cognitionis,
670 2049 768 2112 quam
784 2026 926 2112 perfecta
940 2033 990 2091 est
1009 2027 1144 2091 intuitio
1159 2033 1316 2093 creaturae

260 2130 439 2215 prasentia
485 2128 551 2194 Sed
570 2130 676 2194 omnis
696 2129 830 2193 intuitio
853 2150 919 2212 qua
940 2126 1032 2192 Deus
1055 2129 1205 2194 intuetur
1228 2151 1316 2194 crea-

256 2235 371 2296 turam
393 2238 444 2296 est
462 2231 512 2296 ita
528 2231 671 2318 perfecta
695 2230 845 2315 cognitio,
862 2229 951 2314 quod
971 2251 1031 2294 nec
1052 2232 1174 2295 mutari
1198 2237 1315 2317 potest,

260 2331 410 2409 diminui,
435 2354 540 2418 neque
566 2332 710 2406 deficere,
732 2332 785 2395 vel
811 2353 878 2396 non
902 2353 977 2407 esse,
1002 2354 1078 2417 ergo
1101 2332 1315 2419 apprehensio

260 2456 284 2498 a
302 2435 451 2521 possibili
473 2440 523 2499 est
543 2435 592 2499 ita
615 2433 758 2520 perfecta
783 2433 925 2519 cognitio
947 2434 982 2496 in
1005 2456 1121 2518 genere
1143 2457 1210 2511 suo,
1226 2436 1315 2520 quod

259 2556 320 2601 nec
348 2537 475 2600 mutari
506 2541 623 2622 potest
660 2557 720 2599 nec
756 2557 823 2598 non
860 2556 936 2599 aaa
986 2534 1227 2620 Consequentia
1264 2542 1314 2600 est

259 2638 407 2712 evidens,
428 2641 463 2701 et
482 2642 589 2701 totum
611 2637 803 2701 antecedens
825 2637 974 2720 sequitur
988 2657 1030 2699 ex
1045 2636 1141 2700 dictis
1157 2636 1312 2722 Magistri

257 2740 325 2805 mei
335 2763 345 2816 3
372 2760 451 2824 ergo
470 2744 504 2803 et
519 2761 715 2825 consequens
735 2739 777 2802 ah
798 2759 835 2802 eo
854 2742 904 2802 est
923 2737 1129 2823 ponendum:
1155 2760 1220 2822 quo
1236 2738 1314 2803 dato

257 2840 414 2927 arguitur
428 2841 516 2905 ultra
534 2841 590 2905 sic.
634 2839 860 2926 Apprehensio
875 2860 941 2924 qua
957 2839 1046 2903 Deus
1061 2839 1276 2925 apprehendit
1291 2862 1315 2905 o

259 2962 328 3007 non
350 2947 461 3029 potest
483 2943 613 3018 mutari,
635 2942 688 3007 vel
714 2963 781 3005 non
803 2963 879 3016 esse,
903 2941 961 3005 sed
982 2941 1010 3004 si
1031 2963 1054 3005 a
1074 2941 1228 3006 existeret
1251 2942 1315 3008 ista

257 3042 474 3129 apprehensio
495 3049 680 3108 mutaretur
701 3040 777 3129 [in]¹
803 3043 1020 3119 intuitionem,
1040 3042 1093 3107 vel
1117 3065 1183 3107 non
1208 3051 1314 3122 esact5

259 3166 339 3231 ergo
361 3167 386 3210 a
412 3167 478 3209 non
507 3150 618 3232 potest
646 3145 793 3220 existere,
824 3149 858 3208 et
887 3166 945 3229 per
975 3166 1171 3230 consequens
1198 3168 1221 3210 a
1246 3167 1313 3210 non

259 3245 354 3332 [estP
376 3246 538 3332 possibile,
558 3247 646 3331 quod
668 3251 718 3310 est
747 3251 860 3309 contra
883 3245 1099 3331 hypothesim.
1147 3246 1313 3313 confirmo

257 3353 492 3433 argumentum
509 3349 562 3412 sic
608 3347 711 3412 Nulla
730 3347 872 3432 cognitio
893 3349 1083 3434 contingens
1103 3354 1153 3414 est
1167 3347 1315 3436 aequalis³

257 3448 467 3535 perfectionis
491 3470 565 3512 cum
590 3449 769 3513 necessaria
791 3449 974 3534 cognitione
998 3457 1146 3536 respectu
1169 3454 1313 3537 ejusdem

256 3550 397 3635 agentis,
413 3555 448 3614 et
467 3550 604 3634 subjecti
623 3550 805 3625 consimilis,
821 3551 875 3614 vel
898 3552 1041 3635 equalis.
1088 3552 1153 3617 Sed
1173 3554 1313 3639 simplex

257 3652 474 3737 apprehensio
499 3651 562 3716 Dei
584 3657 732 3737 respectu
754 3673 777 3715 o
799 3651 939 3716 hominis
969 3653 1138 3737 possibilis,
1166 3660 1216 3717 est
1239 3675 1314 3718 oon·

258 3752 391 3838 tingens
415 3753 565 3837 cognitio,
591 3754 669 3838 quia
690 3753 718 3817 si
740 3775 763 3816 a
786 3754 940 3818 existeret
966 3754 1036 3840 ipsa
1062 3777 1128 3818 non
1151 3761 1254 3834 esset3
1279 3760 1313 3820 et
1408 3793 1413 3802 ·

258 3851 396 3919 intuitio
411 3852 573 3917 «Iohannis
593 3852 734 3918 hominis
749 3860 800 3918 est
817 3855 1002 3934 necessaria,
1019 3857 1097 3940 quia
1116 3877 1183 3921 non
1203 3863 1312 3942 potest

255 3973 324 4018 non
338 3976 429 4032 esse3
452 3976 529 4039 ergo
543 3953 756 4040 apprehensio
771 3978 795 4020 o
808 3954 950 4020 hominis
964 3978 1031 4020 non
1046 3963 1095 4021 est
1109 3958 1157 4022 ita
1171 3959 1313 4045 perfecta

257 4054 343 4119 sicut
373 4056 510 4120 intuitio
539 4055 711 4132 Johannis,
743 4057 831 4142 quod
861 4063 910 4122 est
936 4063 1049 4122 contra
1071 4061 1311 4145 responsionem

259 4156 379 4220 datam

313 4257 558 4343 Consequenter
590 4260 671 4324 dicit
701 4260 858 4345 Magister
887 4260 923 4324 in
952 4261 1013 4326 hac
1049 4263 1186 4330 materia
1224 4267 1458 4352 quoniame

294 4558 301 4588 ¹
314 4557 355 4624 in]
368 4574 417 4610 om.
431 4561 486 4612 MS.
847 4564 980 4633 'aquom
999 4570 1146 4631 emancialia,
1158 4570 1215 4622 MS.

291 4637 361 4704 'aq
376 4653 425 4689 orn.
437 4639 494 4692 MS.
809 4676 814 4686 ·

1200 4744 1221 4794 0
