3158 5490
582 728 758 780 rusclcum
788 728 1010 780 ammonuit
1279 719 1321 781 55

272 913 374 979 verba
412 913 618 1000 multiplicat,
656 913 817 1000 praecipue
848 914 877 978 si
914 913 1002 978 dicat
1039 935 1081 978 cx
1119 913 1320 994 intentione;
1331 925 1451 973 amanal

273 1015 352 1099 qnia
388 1015 491 1100 juxta
527 1016 724 1080 sententiam
762 1015 989 1079 Salvatoris
980 1038 1016 1079 m
1053 1016 1229 1101 evangelio,
1268 1016 1321 1081 Ea
1331 989 1457 1105 {glsss'iff

273 1115 498 1183 aboridaatio
518 1116 631 1182 cordia
653 1138 689 1182 os
716 1114 894 1202 loquit¹
826 1137 880 1191 aa
911 1138 970 1182 nec
992 1139 1052 1233 ego
1076 1122 1238 1202 quantum
1254 1118 1461 1187 sciolanguage.

271 1217 348 1282 dedi
378 1219 444 1283 sibi
466 1240 596 1284 cauam
619 1218 756 1284 offensae
803 1217 878 1283 Hoc
909 1224 959 1283 est
990 1219 1077 1283 enim
1100 1219 1189 1303 quod
1214 1220 1320 1305 magis

270 1339 347 1383 cum
368 1325 489 1396 movet,
513 1324 674 1405 quantum
705 1341 764 1406 ego
795 1319 949 1405 concipio,
973 1319 1051 1405 quia
1080 1320 1152 1384 dixi
1174 1321 1214 1385 de
1244 1343 1319 1386 auc-

271 1421 406 1487 toritate
427 1421 485 1485 illa
506 1421 721 1507 praeallcgata,
752 1420 873 1487 Patres
902 1421 1015 1488 nostri
1040 1430 1262 1507 peccaverant
1288 1430 1318 1489 et

270 1543 345 1588 caca
367 1522 474 1599 aaut?
496 1523 583 1608 qnod
604 1522 762 1607 Magister
776 1544 867 1587 meus
889 1523 1008 1609 accipit
1029 1523 1167 1608 primam
1190 1529 1317 1608 partem

269 1627 431 1710 tanquam
460 1624 586 1689 dictum
611 1622 839 1700 auctenticum,
865 1623 943 1710 quia
964 1623 1096 1688 videtur
1125 1624 1228 1688 facere
1258 1646 1317 1709 pro

269 1745 318 1800 eo,
343 1730 379 1790 et
400 1725 575 1791 secundam
598 1729 725 1812 partem
754 1730 862 1811 negat,
885 1725 994 1790 nescio
1018 1746 1126 1810 quare,
1154 1725 1217 1790 nisi
1240 1723 1316 1810 quia

268 1831 320 1891 est
340 1833 455 1892 contra
486 1849 569 1892 eum.
615 1827 661 1891 Et
689 1826 904 1891 certissimum
931 1831 981 1891 est
1007 1826 1103 1911 quod,
1127 1848 1186 1890 nec
1208 1827 1317 1912 palam

267 1929 466 2006 mentiendo,
487 1950 548 1994 nec
572 1927 690 1994 falsum
717 1928 905 1993 scandalum
928 1929 990 1993 sibi
1016 1928 1221 2014 imponendo,
1246 1928 1317 1992 dixi

267 2030 332 2095 ista
352 2030 409 2095 vel
439 2030 571 2117 protuli
627 2030 732 2096 Credo
764 2029 851 2094 enim
874 2030 962 2115 quod
993 2029 1063 2115 ipse
1086 2029 1209 2094 Doctor
1241 2031 1316 2095 vult

266 2133 382 2197 testari
403 2133 490 2216 quod
513 2131 637 2218 accepit
658 2132 796 2217 primam
815 2137 942 2217 partem
965 2132 1177 2208 auctoritatis,
1194 2132 1317 2197 scilicet

266 2233 389 2300 Patres
417 2234 530 2300 anari
555 2240 787 2320 peccauerunt,
815 2233 893 2318 quia
924 2234 1097 2299 videbatur
1133 2234 1195 2299 sibi
1227 2235 1315 2320 quod

266 2335 387 2401 faceret
401 2358 461 2422 pro
476 2336 627 2422 opinione
643 2357 709 2400 sua
748 2333 857 2399 Aliter
871 2334 957 2398 enim
974 2335 1132 2421 Magister
1146 2358 1212 2401 non
1228 2358 1314 2401 accc-

265 2437 367 2523 pisset
381 2438 472 2502 illam
482 2436 638 2525 [ροιίιιε]3
653 2458 751 2521 quam
767 2435 873 2500 aliam.
906 2435 1065 2501 Similiter
1080 2438 1188 2522 quoad
1202 2459 1315 2502 secun·

264 2537 355 2618 dum,
370 2538 497 2605 aestimo
511 2539 600 2624 quod
614 2537 687 2603 ideo
701 2537 837 2623 negavit
852 2538 1025 2602 secundam
1040 2544 1176 2623 partem,
1193 2538 1314 2602 scilicet

264 2639 355 2724 quod
386 2661 455 2705 non
484 2645 569 2716 sunt,
593 2639 672 2725 quia
701 2644 752 2703 est
773 2644 886 2703 contra
901 2660 984 2702 eum.
1032 2637 1067 2704 Si
1091 2639 1178 2702 enim
1201 2645 1314 2703 contra

264 2762 341 2806 eum
363 2763 432 2808 non
453 2741 575 2816 fuisset,
598 2741 652 2805 vel
674 2740 880 2818 admississet,
903 2741 957 2805 vel
984 2744 1141 2824 tanquam
1168 2739 1312 2823 imperti-

263 2848 397 2908 nentem
413 2843 666 2930 propositionem
690 2841 871 2906 dimisisset.
916 2841 1028 2905 Aliam
1049 2846 1159 2904 autem
1182 2861 1312 2904 causam

263 2944 448 3031 negationis
472 2944 562 3009 illius
583 2964 650 3009 non
672 2943 779 3022 habet,
799 2942 924 3027 judicio
945 2964 1026 3017 meo,
1043 2942 1106 3006 nisi
1130 2942 1236 3017 istum,
1257 2941 1312 3006 vel

264 3049 461 3130 protensam
486 3045 663 3109 falsitatem
687 3043 793 3107 illius:
818 3044 891 3108 ideo
906 3065 982 3108 vere
1001 3043 1072 3108 dixi
1094 3043 1182 3127 quod
1205 3043 1312 3107 nescio

264 3167 366 3232 quare
388 3150 496 3232 negat,
512 3145 576 3211 nisi
593 3145 672 3230 qnia
694 3149 744 3210 est
759 3150 871 3209 contra
886 3165 970 3209 eum.
1017 3144 1083 3209 Hic
1097 3167 1163 3210 non
1178 3145 1311 3230 impono

262 3247 327 3312 sibi
357 3246 528 3323 defectum,
561 3246 618 3312 sed
648 3246 756 3332 potius
789 3245 984 3332 ignorantiae
1013 3269 1114 3327 meae;
1146 3247 1223 3332 quia
1245 3269 1311 3313 non

262 3347 380 3433 ipsum,
404 3349 461 3414 sed
481 3369 534 3414 me
557 3347 627 3412 dixi
649 3347 772 3413 nescim
795 3369 895 3432 quare
923 3353 1024 3435 negat
1048 3350 1207 3414 minorem
1230 3373 1311 3436 prae

261 3448 393 3526 dictam,
410 3454 530 3536 praeter
552 3470 682 3514 causam
704 3447 910 3534 assignatam

306 3550 471 3618 Praeterea
500 3551 624 3616 Doctor
652 3550 758 3614 multa
779 3550 862 3614 mihi
883 3551 1023 3636 imponit
1045 3574 1119 3637 quae
1141 3573 1309 3638 nunquam
1321 3569 1429 3638 nenyr

262 3652 353 3716 dixi.
384 3653 512 3718 sicut
502 3675 537 3716 m
573 3652 732 3738 principio
769 3651 849 3716 dicit
885 3649 973 3736 quod
1003 3651 1097 3770 posui
1129 3644 1395 3752 quamlibet²⁰unt
1357 3653 1427 3701 Μ]
1412 3653 1454 3688 ⁸⁰·

261 3752 424 3840 integram
450 3748 695 3819 multitudinem
717 3774 827 3817 rerum
849 3752 985 3838 alicujus
1008 3755 1124 3840 speciei
1146 3776 1213 3819 esse
1236 3777 1308 3841 spe-
1293 3776 1440 3819 -11sateme
1384 3711 1476 3820 ni

261 3854 344 3919 ciem
373 3856 428 3920 vel
457 3876 566 3941 genus.
611 3853 760 3920 seamdo
790 3854 871 3919 dicit
900 3856 987 3940 quod
1009 3857 1146 3942 probavi
1168 3858 1306 3942 glossam
1318 3834 1429 3951 ῃέἰξξῙ

260 3976 368 4020 meam
389 3977 449 4042 per
472 3956 541 4036 hoe,
565 3956 700 4041 quod
674 3978 703 4020 ει
726 3955 851 4040 aliquid
879 3956 1016 4032 deest,
1006 3976 1113 4042 rpsum
1147 3979 1214 4022 non
1247 3964 1303 4024 est
1318 3968 1397 4018 made.

260 4054 371 4121 Tertio
400 4053 541 4143 imponit
570 4051 651 4120 mihi
688 4056 776 4141 quod
813 4057 967 4122 dixissem
1001 4081 1129 4123 omnem
1163 4061 1308 4145 proposi·

259 4157 405 4222 tionem⁴
443 4157 621 4245 Scriptura
656 4157 893 4223 discordantem
931 4182 951 4222 a
984 4158 1089 4245 logica
1125 4180 1198 4225 mea
1237 4183 1304 4226 esse

292 4447 483 4502 Quicni.
839 4452 848 4482 ⁴
871 4450 1069 4520 propositionem]
1107 4453 1303 4519 proposicionem

290 4527 384 4579 'hm
395 4528 428 4578 iv.
443 4532 467 4580 7.
805 4544 894 4591 meam,
906 4530 962 4582 MS.

293 4605 563 4671 'poaanotinMS.
