3008 5490
538 758 715 810 rssctoum
738 726 959 812 zrrsnroauu.
1207 750 1270 815 305

226 942 353 1008 actibus
389 942 595 1020 scholasticis,
631 944 691 1010 hoc
726 966 812 1031 saepe
846 945 1021 1011 audierunt
1052 951 1274 1032 procuratores
1286 949 1378 1003 silenos

224 1045 376 1131 Wlffieffi
399 1045 441 1110 de
465 1045 560 1132 briga
585 1050 619 1111 et
643 1046 840 1111 dissensione
866 1047 952 1112 inter
977 1048 1122 1112 doctores
1148 1048 1274 1134 religia
1287 1016 1418 1072 Hm*

224 1166 346 1225 sorum,
394 1152 428 1211 et
469 1147 662 1232 magistrum
708 1146 880 1212 Nicolaum
930 1147 1099 1228 Heriorde,
1144 1155 1276 1236 propter

225 1245 447 1312 defensionem
484 1268 628 1312 errorum
665 1252 701 1313 et
736 1247 896 1313 haeresum
932 1270 1030 1334 quam
1061 1250 1195 1336 gerebat
1233 1272 1275 1316 ex

223 1352 322 1434 perte
341 1370 410 1425 sua,
433 1353 467 1414 et
487 1369 530 1414 ex
550 1354 643 1435 parte
663 1349 813 1435 magistri
836 1349 887 1414 sui
906 1350 1069 1416 Johannis
1091 1349 1258 1436 Wyoclyff
1267 1375 1275 1430 ;

223 1453 262 1514 bt
294 1449 326 1514 ei
360 1470 421 1514 nec
454 1449 620 1515 silentium
655 1450 873 1535 imponebant,
905 1473 979 1515 eum
1004 1451 1065 1516 hoc
1090 1451 1134 1515 ad
1165 1473 1275 1516 eorum

223 1548 369 1615 officium
383 1551 561 1636 spectabat,
580 1550 680 1616 etiam
702 1551 730 1615 si
751 1572 819 1615 non
841 1556 948 1616 essent
970 1553 1012 1616 ab
1034 1551 1098 1617 alio
1120 1552 1276 1636 requisiti,

223 1651 284 1717 sed
306 1651 518 1729 recusabant3
540 1672 600 1716 nec
625 1673 701 1715 eum
723 1651 947 1737 corripiebant,
971 1658 1030 1716 aut
1053 1651 1097 1715 ad
1115 1651 1277 1736 judicium

224 1758 481 1819 commoverunt
527 1752 579 1828 Et,
601 1751 779 1816 secundum
799 1751 885 1836 jura,
909 1774 996 1816 emor
1021 1753 1074 1816 cui
1096 1774 1163 1816 non
1185 1753 1277 1816 resis-

224 1853 319 1928 titur,
359 1852 564 1938 approbatur,
601 1853 718 1917 saltem
751 1853 794 1917 ab
829 1874 867 1917 eo
899 1853 956 1938 qui
988 1853 1088 1918 habet
1128 1853 1278 1938 jurisdic-

223 1955 352 2020 tionem
402 1959 437 2019 et
485 1958 706 2039 potestatem:
756 1974 833 2039 ergo
885 1964 963 2018 cum'
1004 1954 1066 2040 ipsi
1113 1953 1278 2019 habebant

219 2053 484 2141 jurisdictionem
515 2054 558 2118 ad
591 2076 666 2119 eum
703 2053 948 2139 corripiendum,
981 2055 1213 2140 corrigendum,
1244 2062 1278 2119 et

225 2155 496 2235 conveniendum,
519 2155 620 2220 etsie
643 2177 685 2219 ex
708 2160 779 2219 toto
802 2155 1002 2233 omiserunt;
1034 2156 1166 2220 videtur
1187 2155 1278 2240 sequi

225 2255 444 2322 infallibiliter
474 2256 561 2340 quod
595 2256 626 2321 ei
659 2256 694 2319 in
732 2256 799 2320 suis
835 2256 996 2321 erroribus
1033 2255 1190 2321 favebant
1202 2281 1211 2336 ;
1245 2261 1279 2321 et

226 2357 391 2444 praecipue
413 2356 629 2434 macellarius,
652 2357 710 2441 qui
731 2361 829 2442 caput
855 2363 926 2423 crat
947 2357 1177 2424 universitatis.

567 2639 727 2708 Secunda
756 2638 936 2707 evidentia.

290 2798 377 2866 Cum
415 2798 569 2885 magister
604 2799 636 2862 N
639 2799 758 2863 icolaus
800 2798 836 2862 in
878 2797 1123 2884 quadragesima
1165 2797 1427 2882 praedi-Secmdly,

229 2906 335 2968 amec
360 2899 488 2986 publice
510 2900 547 2964 in
569 2899 699 2964 aaran
722 2899 758 2964 Β.
782 2899 927 2985 virgins
959 2899 994 2962 in
1028 2898 1140 2984 ungue
1163 2875 1409 3004 naamam

230 3023 341 3068 eoram
379 3005 449 3066 toto
481 3001 574 3075 clerc,
610 3000 697 3084 quod
730 2999 839 3063 nullus
870 2999 1037 3085 religiosus
1075 2999 1115 3063 de
1152 2999 1338 3083 privatanot
1352 3003 1449 3055 receive

230 3102 388 3189 religione
425 3101 523 3167 debet
553 3122 679 3165 sumere
724 3101 861 3185 gradum
892 3101 927 3163 in
962 3099 1181 3174 universitate,
1221 3098 1281 3162 sub
1293 3069 1450 3200 {ffilssg

230 3224 330 3290 poena
365 3203 559 3288 apostasiae;
595 3202 641 3266 sic
672 3202 759 3285 quod
791 3202 896 3265 omnis
929 3201 1005 3265 talis
1039 3201 1205 3286 religiosus
1236 3200 1281 3264 sic
1294 3201 1434 3252 oshisoer·

230 3325 364 3369 sumens
401 3309 451 3368 est
491 3307 648 3388 apostata,
687 3307 721 3366 et
758 3301 819 3366 hoc
856 3303 994 3366 relatum
1039 3301 1104 3366 fuit
1150 3281 1372 3365 dominomom

230 3404 422 3471 cancellario
454 3426 511 3489 per
541 3404 621 3467 duos
645 3403 791 3466 doctores
824 3424 923 3467 sacrae
945 3401 1127 3488 theologiae,
1158 3402 1280 3468 scilicet

231 3505 421 3570 Johannem
444 3504 569 3588 Wcllys
599 3502 802 3578 monachum,
830 3509 864 3567 ct
888 3502 1023 3567 Petrum
1058 3502 1181 3587 Stokys
1205 3504 1284 3569 Car-

232 3606 389 3680 melitam,
426 3627 486 3670 nec
528 3611 640 3669 tamen
673 3605 829 3688 corripuit
868 3625 950 3677 eum,
985 3604 1043 3667 sed
1073 3603 1137 3667 sibi
1171 3605 1281 3689 potius

231 3705 394 3784 favebat3
415 3706 567 3791 fingendo
589 3727 647 3790 pro
671 3704 807 3769 Nicolac
830 3704 1052 3768 excusationes
1077 3705 1112 3767 in
1138 3706 1284 3790 pcccatis

233 3806 281 3871 Et
318 3806 380 3890 ipsi
417 3811 639 3891 procuratores
676 3810 756 3869 tunc
793 3809 968 3889 prasentes
1013 3810 1113 3879 erant,
1153 3807 1285 3888 quando

234 3906 391 3971 Nicolaus
414 3907 459 3970 sic
483 3905 682 3991 praedicavit,
705 3911 739 3970 et
763 3905 793 3968 ei
817 3904 1067 3990 applaudebant,
1092 3926 1151 3968 nec
1173 3912 1287 3969 contra

234 4028 312 4072 eum
347 4012 569 4092 processerunt
602 4007 698 4071 modo
731 4006 903 4070 caritativo
932 4026 992 4069 nec
1016 4006 1183 4090 juridico;
1220 4028 1286 4070 non

234 4108 388 4174 obstante
426 4108 513 4192 quod
548 4113 617 4171 tam
653 4107 748 4191 plane
780 4106 972 4191 praedicavit
1008 4112 1123 4171 contra
1156 4109 1287 4170 univer-

234 4210 345 4273 sitatis
368 4207 624 4281 eonsuetudines,
647 4212 680 4270 et
703 4212 837 4282 statuta,
860 4213 893 4271 et
917 4207 1095 4294 privilegia
1142 4207 1187 4271 Et
1213 4229 1287 4271 cum

235 4310 273 4373 in
299 4309 372 4372 aliis
399 4314 574 4393 quaesunt
604 4308 754 4392 ponderis
780 4307 922 4383 minoris,
955 4308 1055 4372 etiam
1085 4329 1151 4372 non
1181 4308 1288 4392 requi-

235 4410 303 4486 siti,
320 4414 544 4494 exsequuntur
563 4409 642 4472 satis
662 4429 792 4485 severe3
814 4409 873 4472 ubi
895 4409 1006 4494 agitur
1026 4414 1139 4473 contra
1157 4409 1289 4473 univer-

235 4510 346 4575 sitatis
379 4509 640 4586 consuetudines,
677 4516 711 4573 et
750 4515 885 4587 statuta,
918 4509 1116 4576 videbantur
1153 4509 1216 4575 sibi
1253 4510 1289 4573 in
1343 4566 1347 4573 .

238 4611 307 4678 suis
330 4610 493 4676 erroribus
515 4609 716 4675 favorabiles.

1178 4725 1203 4775 U
