3008 5490
540 727 718 778 rascrconr
740 729 964 779 zrzsnroauu
1212 718 1274 786 171

227 916 467 984 accommodato
479 939 487 995 ;
510 915 600 1000 quod
623 920 657 985 et
676 921 789 1000 postea
808 914 934 982 sancta¹
964 917 1113 982 Romana
1136 918 1277 1000 ecclesia,

226 1024 266 1083 ut
300 1022 394 1104 patet
425 1039 484 1103 per
519 1015 699 1102 capitulum
736 1016 910 1095 Firuniter,
950 1017 1198 1106 Extrevagante
1236 1021 1277 1086 dc

223 1119 363 1187 somma
377 1119 552 1197 Trinitate,
575 1123 609 1183 et
632 1117 714 1183 Fide
730 1118 921 1201 catholiea²
937 1121 1112 1207 assmpsit
1136 1121 1173 1186 in
1194 1122 1277 1186 serie

222 1243 292 1289 eure
330 1219 621 1286 determinationis.
680 1219 803 1284 “Idem
848 1218 946 1308 ipse,”
984 1222 1101 1306 inquit,
1147 1230 1164 1256 “
1180 1221 1277 1288 Jesus

222 1331 243 1360 “
258 1323 414 1389 Christus
435 1320 581 1386 sacerdos
608 1310 716 1387 estet
741 1321 941 1401 mendcium,
967 1322 1216 1409 cujus-corpus³
1242 1329 1276 1389 et

223 1424 394 1510 “sanguis
418 1423 456 1488 in
476 1426 679 1488 sacramento
701 1421 814 1504 altaris
836 1422 897 1487 sub
926 1423 1091 1509 speciebus
1108 1416 1214 1510 'panis
1243 1430 1278 1490 et

228 1534 248 1562 ‘¹
263 1524 339 1589 vini
366 1524 524 1589 veraciter
554 1523 773 1600 eontinentur,
803 1523 1116 1611 transubstantiatis
1135 1546 1221 1610 pane
1242 1526 1279 1589 in

230 1633 250 1661 “
266 1644 392 1710 corpore,
414 1625 544 1705 etvino
564 1625 603 1689 in
625 1624 826 1711 sanguinem,
853 1630 1017 1710 potestate
1041 1623 1181 1703 divina”

224 1797 226 1801 ,
280 1725 380 1791 Dicto
402 1724 442 1791 de
463 1718 650 1792 nominibus
674 1731 709 1791 et
734 1725 843 1790 verbis
869 1725 988 1812 quibus
1011 1727 1421 1792 contradixenmthstothe

230 1826 530 1914 Anthropomorphi
557 1827 656 1914 hujus
685 1827 840 1913 temporis
852 1849 860 1905 ;
881 1828 955 1914 jam
976 1815 1081 1894 restet
1111 1828 1216 1894 dicere
1238 1829 1279 1893 de
1290 1802 1427 1918 ffib'ffio

226 1928 395 1995 adverbiis
416 1928 536 2015 quibus
561 1928 779 1993 infallibiliter
799 1929 1045 1994 convincuntur.
1290 1931 1393 1985 monh

270 2030 411 2096 Adduxi
432 2031 521 2095 enim
543 2030 625 2102 arras
648 2030 790 2096 nonem
804 2030 982 2095 noenum
1000 2032 1037 2094 in
1058 2030 1196 2118 epistola
1211 1995 1447 2116 suffigit?

224 2132 316 2218 quod
339 2131 489 2198 Christus
511 2129 787 2196 substantialiter⁰
808 2132 844 2196 in
865 2154 969 2203 carne
982 2138 1017 2198 et
1038 2133 1197 2219 sanguine
1217 2132 1279 2198 hoc

226 2239 469 2300 sacramentum
491 2233 699 2318 exsequitur3
722 2232 758 2297 B.
774 2234 873 2298 etiam
898 2234 1089 2320 Gregorium
1104 2251 1150 2299 lv.
1166 2234 1279 2300 Dialo-

227 2333 362 2424 gorum⁷
385 2335 547 2399 dicentem
570 2334 658 2420 quod
679 2356 793 2420 corpus
809 2334 932 2400 Christi
947 2341 997 2400 est
1019 2336 1055 2400 in
1076 2340 1279 2401 sacramento

227 2439 265 2502 in
284 2436 373 2501 malo
387 2435 527 2510 homine,
549 2435 689 2500 essentia
709 2441 742 2499 et
764 2458 831 2501 non
854 2433 1047 2513 efficientia3
1063 2442 1097 2501 et
1113 2436 1280 2501 Hilarium

226 2538 270 2604 de
284 2537 456 2613 Trinitate,
480 2558 546 2622 cap.
564 2534 607 2612 6?
625 2541 800 2622 ponentem
819 2536 908 2620 quod
929 2558 1043 2621 corpus
1067 2536 1189 2602 Christi
1213 2534 1281 2601 est⁹
1343 2603 1346 2613 ,

227 2640 266 2705 in
287 2643 491 2704 sacramento
513 2637 709 2702 naturaliter
731 2642 765 2702 et
788 2636 968 2701 carnaliter.

277 2739 381 2824 Cujus
395 2739 536 2824 vestigia
557 2761 693 2823 sequens
712 2744 746 2802 et
760 2738 862 2802 verba
881 2737 1052 2812 adducens,
1070 2735 1226 2801 Rabanus
1241 2737 1281 2803 de

229 2861 365 2927 corpore
397 2846 430 2906 et
462 2841 621 2926 sanguine
659 2839 795 2904 Domini
831 2839 1020 2925 superaddit
1050 2837 1181 2903 Hilario
1217 2838 1282 2904 iste

265 3290 387 3356 ῑεαιιεω]
400 3297 485 3339 nnete
496 3290 574 3349 ac,B‚
586 3289 615 3340 G.
784 3287 895 3351 pressior
917 3284 981 3334 alias
999 3294 1065 3335 must
1089 3285 1155 3335 refer
1172 3292 1198 3335 to
1215 3297 1283 3334 some

266 3371 389 3420 ‘Deoret
402 3371 479 3434 Greg.
490 3371 612 3420 litatis
624 3384 641 3418 1.
653 3385 675 3419 c.
688 3375 708 3419 1.
784 3369 832 3416 lost
842 3365 913 3414 work
925 3365 955 3414 of
962 3380 1009 3414 our
1019 3365 1115 3414 author.

266 3449 388 3513 'eorm
402 3464 467 3508 cero,
480 3449 513 3498 A.
813 3443 1043 3510 ‘mtsmntulited
1083 3441 1279 3493 transubstenci·

268 3525 416 3592 Μίκκα]
441 3528 616 3586 ostendentem,
636 3527 673 3584 B;
693 3527 735 3576 te.
784 3519 862 3578 aliter,
877 3521 908 3569 Α.

238 3603 293 3622 -.
377 3605 414 3618 ..
817 3599 826 3625 ,

234 3607 348 3735 mlefflhb
357 3609 467 3735 (idetis-est
489 3683 615 3748 approach
637 3692 663 3733 to
685 3684 735 3733 thio
784 3596 1099 3739 apprhabhlaetooeilerthbetel
1118 3595 1283 3723 gemm&

232 3771 368 3816 nument
394 3770 421 3813 to
446 3764 477 3813 be
504 3763 583 3811 found
610 3762 637 3810 in
665 3763 736 3811 leo's
785 3754 820 3804 St
834 3754 950 3818 Gregory
969 3753 991 3801 is
1007 3753 1063 3803 Lib.
1074 3767 1104 3802 rr.
1116 3752 1143 3800 in
1157 3756 1168 3800 l
1182 3751 1245 3816 Reg.
1265 3765 1283 3802 r.

233 3843 336 3908 episdes
358 3842 381 3890 is
403 3841 445 3891 the
472 3841 603 3905 following
616 3841 735 3904 r—Epist
785 3849 809 3881 v·
822 3836 844 3881 5·
879 3837 894 3859 ‘⁶
907 3832 960 3880 Etsi
977 3838 1211 3880 memmentumore
1228 3845 1284 3894 per·

235 3935 310 3972 xm.
346 3922 397 3984 (ed
429 3923 506 3982 167⁵)
533 3935 587 3983 cap.
623 3925 646 3970 2.
681 3921 736 3968 “In
785 3916 799 3938 ·‘
810 3909 912 3973 cipiunt,
940 3910 1032 3960 virtute
1059 3907 1207 3959 sacramenti
1240 3922 1284 3958 ne·

233 4005 313 4064 “quo
348 3998 468 4047 hacterm
503 3999 604 4047 desidio
639 4006 737 4061 torpore
785 3995 935 4052 “quaquam
946 3987 1096 4051 replentur.''

236 4077 381 4140 “jactem
397 4085 426 4125 ut
444 4092 491 4126 nec
509 4077 595 4126 auditu
613 4077 737 4126 discerent
818 4067 891 4116 'Hil
913 4065 1172 4116 deTrin·lib.V111.
1204 4064 1282 4129 (Opp.

234 4156 306 4205 “vel
316 4155 422 4205 lectione
434 4164 618 4220 cognoscerent,
628 4157 694 4220 quod
711 4156 737 4203 in
785 4162 809 4210 Ρ·
833 4150 887 4203 ¹⁰²2
910 4146 947 4194 Εὖ·
973 4148 1058 4206 l57⁰)·
1092 4145 1158 4194 “De
1180 4145 1284 4195 veritate

233 4239 253 4262 ⁴⁶
264 4234 369 4284 eeclesia
387 4232 436 4282 Dei
454 4234 481 4283 in
497 4235 610 4288 omnium
627 4249 670 4283 οη
687 4243 737 4283 mm
812 4223 894 4273 carnis
904 4222 1065 4287 sanguinis
1075 4239 1126 4272 non
1137 4223 1237 4273 relictus
1248 4231 1285 4272 est

237 4317 253 4340 ‘⁴
264 4327 402 4361 consonum
412 4320 456 4369 eet,
468 4321 496 4362 ut
507 4329 552 4362 neo
563 4314 595 4362 ab
607 4313 738 4361 insontium
787 4310 801 4331 ‘⁶
813 4302 954 4367 ambigendi
977 4303 1062 4352 locus:
1086 4317 1152 4351 nunc
1174 4300 1241 4351 enim
1260 4308 1285 4351 et

237 4390 356 4453 “linguis
385 4391 476 4441 veritas
503 4393 613 4455 corporis
635 4400 660 4441 et
682 4406 738 4440 san.
788 4381 890 4445 “ipsius
907 4381 1010 4430 Domini
1027 4379 1185 4443 professione,
1197 4387 1222 4429 et
1236 4378 1285 4428 fide

239 4474 254 4496 ‘⁴
265 4470 348 4532 guinis
365 4468 459 4519 christi
477 4471 542 4520 inter
559 4470 739 4520 communionis
788 4464 802 4488 ‘⁴
814 4468 905 4517 nostra,
917 4474 975 4508 vere
992 4474 1050 4508 caro
1062 4466 1105 4516 est,
1117 4465 1142 4506 et
1153 4472 1211 4506 vere
1228 4472 1286 4505 san-

242 4553 258 4576 ‘⁴
270 4557 424 4599 acumenti
445 4550 576 4600 taceatur.’'
611 4550 666 4599 The
693 4564 738 4597 ex·
788 4538 939 4680 “quisffsff
967 4616 992 4664 Α

843 4624 878 4666 est
905 4632 953 4666 om.
994 4653 1000 4664 .
