3158 5490
333 678 376 743 66
644 689 824 741 aroucam
847 691 1072 743 ammonam

331 876 380 943 od
408 875 564 943 radicem
592 876 726 944 arboria
751 877 869 963 posita
898 884 953 944 eat.
998 878 1045 943 Et
1073 878 1122 943 ibi
1150 901 1210 966 per
1238 881 1388 948 arbelam

331 979 489 1064 accipitur
517 979 623 1055 homo,
661 980 747 1044 siout
791 985 884 1066 patet
924 1002 983 1066 per
1019 981 1129 1046 varias
1167 984 1390 1069 expositiones

332 1079 502 1166 Gregorii,1
519 1080 1052 1167 Hieronymi,²(lh1ysostomi‚⁸et
1068 1082 1220 1148 Rabani⁴
1258 1083 1296 1150 si
1311 1106 1388 1173 ergo

329 1188 493 1266 sequatur,
524 1183 600 1247 oaeci
628 1182 752 1259 vident,
784 1205 860 1269 ergo
890 1205 985 1249 omne
1015 1184 1105 1269 quod
1132 1184 1198 1250 fuit
1227 1187 1391 1272 estquis,

329 1282 366 1346 in
395 1283 452 1347 illa
492 1284 692 1349 auctoritate·
713 1285 758 1349 sit
787 1285 956 1370 ampliatio
984 1286 1150 1371 temporis,
1181 1309 1284 1372 quare
1319 1308 1390 1354 non

328 1386 477 1469 sequitur
491 1385 604 1471 spari,
622 1384 750 1450 Securis
764 1387 899 1470 ponitur
921 1387 964 1451 ad
984 1387 1128 1452 radicem
1153 1388 1285 1465 arboris,
1309 1409 1389 1477 ergo

329 1487 435 1551 omnis
464 1486 561 1551 homo
591 1491 641 1551 est
671 1487 791 1551 arbori
814 1488 892 1571 quia
920 1487 969 1551 ibi
990 1488 1034 1552 ad
1058 1488 1225 1554 hominem
1247 1488 1390 1556 refertur

328 1588 524 1674 significatio
560 1587 692 1653 arboris
738 1586 875 1653 Oe1tum
905 1594 963 1665 est,
994 1590 1085 1675 quod
1113 1590 1144 1656 si
1171 1591 1280 1676 prima
1311 1613 1388 1658 oon·

329 1689 501 1775 sequentia
529 1694 650 1765 teneat,
688 1689 817 1755 tenebit
854 1694 889 1755 et
926 1691 1088 1770 secunda3
1125 1697 1160 1757 et
1190 1693 1269 1758 dato
1297 1694 1389 1780 quod

330 1793 472 1857 secunda
496 1813 564 1855 non
587 1790 705 1867 valeat,
730 1812 791 1856 nec
816 1791 924 1876 prima
946 1791 1079 1857 calebit
1183 1871 1185 1875 y

160 1891 279 2010 Wffilif’fl
376 1892 435 1956 IX.
460 1893 623 1958 Praeterea
652 1892 731 1978 quia
759 1893 854 1978 posui
884 1893 973 1978 quod
1002 1892 1106 1958 Amos
1135 1893 1224 1960 dixit
1253 1916 1289 1960 se
1318 1917 1388 1962 me

159 1974 298 2078 gement„
329 1995 572 2069 armentarium,
589 1994 667 2078 quia
681 1994 833 2059 credebat
848 2016 882 2058 se
896 1994 1001 2060 redire
1015 1995 1059 2059 ad
1072 1995 1156 2060 illud
1177 1995 1328 2075 officium,
1353 2004 1388 2063 et

328 2117 418 2160 more
440 2096 533 2181 vulgi
554 2095 755 2180 loquebatur,
783 2095 875 2180 cujus
898 2096 1084 2182 ignorantia
1104 2097 1187 2163 solet
1208 2103 1302 2164 actua
1323 2097 1388 2165 fra

327 2203 465 2282 quentes
491 2202 525 2262 et
551 2202 719 2262 consuetos
740 2219 867 2283 semper
889 2197 926 2262 in
949 2199 1104 2283 praesenti
1129 2200 1323 2265 enunciare:

375 2302 403 2362 1.
426 2299 517 2363 Dicit
536 2298 590 2363 hic
610 2297 768 2384 Magister
790 2299 879 2384 quod
900 2299 984 2365 hanc
1005 2299 1144 2385 glossam
1159 2322 1234 2366 cum
1248 2298 1386 2367 difficul-

327 2405 399 2464 tate
428 2399 612 2477 elaboravi3
651 2401 708 2464 sed
737 2405 857 2476 tamen,
888 2406 929 2465 ut
959 2400 1047 2477 dicit,
1082 2407 1133 2466 est
1160 2401 1383 2482 infundabilin

326 2501 567 2579 irrationabilis,
588 2507 622 2566 et
644 2501 859 2586 impossibilis
906 2501 1134 2578 Infundabilia,
1158 2503 1239 2587 quia
1258 2504 1386 2570 somnio

325 2604 397 2668 sine
413 2603 580 2668 evidentia
594 2603 683 2687 quod
698 2603 800 2667 Amos
815 2607 886 2667 erat
900 2603 1067 2668 rediturus
1080 2605 1124 2669 ad
1138 2603 1221 2670 illud
1234 2603 1385 2671 officium.

327 2704 393 2770 Sed
422 2706 483 2770 hoo
511 2726 579 2769 non
608 2705 757 2779 admitto
788 2704 866 2788 quia
896 2705 1057 2770 somniavi
1083 2707 1171 2790 quod
1196 2706 1301 2771 Amos
1324 2707 1386 2772 ali·

325 2808 456 2892 quando
480 2807 646 2871 rediitad
675 2806 757 2869 illud
787 2805 950 2885 officium3
983 2808 1113 2890 quando
1136 2807 1259 2873 scilicet
1285 2809 1386 2875 boves

325 2909 537 2985 custodiebat,
577 2913 611 2972 et
640 2912 715 2992 post
744 2911 938 2970 nocturnam
967 2908 1112 2993 quietem
1138 2910 1181 2973 ad
1203 2910 1385 2976 mmmdiam

325 3012 460 3075 redibat.
507 3010 552 3073 Et
576 3009 736 3074 somniavi
767 3006 890 3072 etiam⁵
931 3031 1007 3073 oum
1036 3009 1096 3075 hoo
1126 3010 1215 3094 quod
1244 3017 1295 3076 est
1318 3033 1386 3077 una

326 3113 435 3197 opinio
458 3111 589 3188 famosa,
618 3133 691 3195 quae
719 3110 798 3174 dicit
822 3110 910 3194 quod
934 3109 1041 3176 Omne
1067 3112 1156 3195 quod
1176 3111 1242 3176 fuit
1268 3118 1327 3191 est,
1352 3120 1386 3179 et

326 3215 396 3277 erit.
453 3214 545 3296 Rogo
568 3233 644 3296 ergo
675 3211 871 3296 Magistrum
894 3215 934 3276 ut
959 3213 1194 3298 interpretetur
1221 3214 1386 3280 somnium

326 3335 443 3387 meum,
461 3313 539 3397 quia
558 3313 652 3376 credo
674 3314 762 3396 quod
783 3335 825 3377 ex
847 3313 904 3378 illo
926 3315 1074 3400 sequitur
1089 3316 1190 3380 Amos
1213 3336 1281 3381 esse
1301 3317 1387 3382 iadi-

326 3419 439 3480 turum
454 3415 497 3478 ad
512 3412 652 3477 officium
667 3415 850 3499 pristinum

372 3519 401 3580 2.
426 3515 576 3581 Secundo
592 3515 671 3580 dicit
686 3517 810 3581 Doctcr
825 3518 914 3602 quod
928 3517 1112 3604 haeoglossa
1135 3524 1187 3582 est
1204 3519 1385 3585 irrationa-

326 3619 408 3696 bilis,
421 3625 461 3683 ut
475 3624 545 3683 tam
560 3624 692 3683 sanctus
706 3618 864 3703 propheta
879 3619 1000 3683 diceret
1010 3619 1128 3684 falsum
1143 3619 1202 3684 uni
1215 3620 1383 3688 idolatrae:

327 3721 384 3785 sed
398 3744 457 3806 pro
472 3722 536 3785 isto
551 3719 710 3785 satisfacit
724 3726 838 3784 textus
852 3742 928 3784 eum
941 3721 1042 3806 priori
1057 3721 1171 3806 glossa,
1187 3722 1266 3806 quia
1281 3722 1385 3789 Amos

327 3845 385 3907 pro
400 3829 480 3886 tuno
494 3844 561 3887 non
575 3822 641 3887 luit
655 3822 819 3908 propheta
866 3822 1102 3887 Verumtamen
1116 3829 1196 3900 esto,
1211 3845 1280 3889 non
1294 3823 1361 3889 fuit
1375 3848 1384 3891 ι

327 3924 396 4009 ipse
422 3945 480 4008 per
505 3925 629 3988 dictum
655 3947 750 3989 suum
774 3945 841 3989 non
864 3924 929 3988 nisi
942 3946 1057 3988 venam
1083 3924 1255 4003 intellexit,
1271 3947 1386 4010 quam·

366 4276 372 4304 ¹
387 4272 463 4336 Greg.
475 4272 564 4321 Moral
576 4272 637 4321 xvii
650 4287 670 4321 o.
684 4278 706 4321 2.
914 4274 924 4302 ⁸
936 4270 1065 4334 chrysost
1077 4269 1152 4320 Hom.
1164 4285 1201 4321 xr.
1213 4286 1246 4321 ou
1258 4270 1321 4321 Mat.

365 4355 375 4383 ²
387 4352 421 4402 St.
430 4353 539 4412 Jerome,
548 4350 618 4401 Com.
628 4367 661 4400 on
673 4351 734 4400 Mat
743 4349 776 4398 iii
789 4356 830 4399 10:
915 4351 924 4379 ⁴
936 4351 1054 4399 Rabanus
1066 4349 1171 4399 Maurus
1182 4365 1215 4399 on
1227 4350 1289 4399 Mat.
1298 4363 1316 4398 1.
1328 4363 1350 4399 c.
1360 4354 1385 4399 3.

333 4435 347 4459 “
359 4430 508 4481 Prndioatio
536 4430 655 4479 sermonis
687 4429 832 4494 evangelici,
916 4429 963 4477 'A
983 4429 1061 4477 blank
1081 4429 1108 4476 in
1127 4429 1192 4488 MS,
1204 4429 1289 4492 owing
1308 4442 1385 4491 apps-

333 4514 347 4536 “
360 4511 403 4574 qui
420 4526 452 4559 ex
471 4519 572 4572 utraque
595 4516 664 4572 parte
687 4516 773 4559 acutus
795 4517 832 4557 est
882 4509 961 4572 rently
973 4515 999 4558 to
1012 4507 1119 4558 adefeet
1130 4508 1156 4557 in
1167 4508 1209 4558 the
1219 4507 1376 4573 parchment.

331 4593 347 4617 “
359 4589 463 4655 gladius,
475 4587 568 4638 scamis
579 4587 738 4651 appellatur.”
