3008 5490
544 765 722 820 rasmcuur
746 767 972 821 zrzaurosuu.
1213 759 1278 824 449

230 953 357 1021 Datum
384 955 420 1020 in
446 958 591 1023 manerio
613 963 724 1024 nostro
741 958 781 1023 de
807 957 1003 1044 Maydeston
1027 975 1059 1022 re
1082 958 1134 1023 die
1158 959 1278 1030 mensis

230 1055 389 1135 Octobris,
421 1080 507 1123 anno
540 1059 674 1125 Domini
703 1076 899 1139 mccccxnl,
928 1066 961 1126 et
987 1065 1107 1126 nostrae
1139 1061 1278 1126 transla-

228 1159 328 1226 tionis
351 1180 438 1225 auno
461 1176 562 1225 xv111.

273 1721 437 1804 Quarum¹
455 1722 651 1789 auctoritate
671 1722 839 1788 literarum
854 1724 957 1804 vobis,
974 1725 1150 1790 reverende
1174 1730 1274 1812 pater,
1287 1728 1426 1842 Baianae,

227 1824 366 1892 firmiter
398 1825 599 1912 injungendo
625 1824 826 1902 mandamus,
858 1831 897 1890 ut
926 1847 985 1892 vos
1015 1827 1189 1913 praefatum
1221 1828 1277 1894 do
1286 1795 1406 1924 1352}ss

228 1926 355 1995 minum
377 1927 401 1993 J
402 1927 563 1993 ohannem
579 1925 762 1992 Oldecastel
785 1927 838 2004 sic,
863 1933 903 1994 ut
924 1928 1104 2014 praefertur,
1121 1929 1220 1995 fuisse
1242 1927 1399 2024 erlandus,

228 2051 296 2097 esse
319 2030 513 2096 damnatum
536 2029 734 2105 haereticum,
751 2028 993 2096 schismaticum
1016 2037 1049 2097 et
1072 2032 1107 2096 in
1129 2033 1275 2098 articulis
1285 1992 1441 2113 {ohiffim

227 2131 455 2219 suprascriptis
500 2137 670 2208 errantem,
718 2153 893 2218 omnesque
930 2133 1010 2198 alios
1052 2140 1086 2199 et
1130 2133 1275 2222 singulos
1287 2125 1380 2178 ¹‘¹²⁰'¹¹
1392 2130 1420 2180 in

228 2234 367 2300 eundem
390 2233 560 2300 dominum
580 2232 768 2298 Johanuem
798 2233 838 2298 de
865 2239 971 2300 cetero
994 2236 1030 2299 in
1056 2236 1108 2300 sui
1131 2235 1276 2303 favorem
1287 2208 1395 2324 ἔξω,

227 2336 343 2402 erroris
387 2339 599 2422 receptantes,
637 2334 850 2411 defensantes
897 2342 957 2401 aut
992 2337 1056 2407 sibi
1099 2339 1276 2418 consilium,

226 2437 396 2514 auxilium,
418 2437 471 2503 vel
493 2437 639 2502 favorem
663 2437 699 2501 iu
723 2459 762 2502 ea
785 2442 877 2523 parte
901 2438 1089 2524 praebentes
1116 2445 1276 2526 tanquam

226 2539 370 2606 fautores
407 2545 442 2606 et
487 2538 669 2604 defensores
713 2537 939 2604 haereticorum
983 2561 1041 2626 per
1078 2542 1275 2606 sententiam

227 2641 451 2720 diffinitivam,
468 2640 690 2728 supradictam
720 2642 1023 2718 excommunicatos,
1048 2647 1146 2729 prout
1176 2664 1276 2729 supra

225 2744 262 2810 in
294 2765 445 2834 processu
476 2742 632 2831 praedicto
663 2742 813 2807 seriosius
847 2743 1041 2820 continetur,
1072 2742 1275 2829 hujusmodi·

226 2867 290 2932 que
319 2867 502 2932 processum
532 2850 567 2910 et
596 2843 802 2921 sententiam,
833 2865 871 2909 ac
894 2845 1005 2909 omnia
1030 2850 1064 2911 et
1090 2846 1219 2933 singula
1239 2848 1275 2911 in

226 2948 347 3015 eisdem
370 2952 533 3025 contenta,
557 2947 594 3010 in
616 2945 748 3010 ecclesia
762 2952 873 3012 vestra
896 2945 1073 3024 declaretis,
1092 2947 1273 3033 publicetis,

226 3056 260 3115 et
283 3049 464 3137 exponatis,
487 3055 521 3114 et
547 3069 605 3134 per
628 3052 752 3112 vestras
779 3047 947 3113 civitatem
972 3054 1007 3113 et
1022 3049 1194 3128 dioecesim,
1216 3073 1275 3139 per

225 3152 372 3239 singulos
393 3150 542 3216 subditos
567 3154 692 3214 vestros
717 3154 848 3214 curatos
871 3149 1048 3215 earundem
1075 3152 1111 3214 in
1134 3150 1274 3218 ecclesiis

226 3255 301 3329 suis,
334 3274 408 3319 cum
439 3251 543 3336 major
572 3251 608 3314 iu
630 3250 750 3315 eisdem
781 3250 912 3316 affuerit
941 3252 1055 3339 populi
1084 3253 1272 3331 multitudo,

226 3355 296 3420 alta
325 3361 359 3420 et
389 3352 589 3440 intelligibili
615 3373 701 3427 voce,
734 3358 768 3417 et
797 3353 833 3416 in
868 3353 983 3440 lingua
1012 3359 1163 3419 matema
1192 3357 1275 3442 puls

225 3457 326 3536 licari,
343 3457 498 3532 intimari,
515 3455 636 3540 exponi
658 3459 692 3519 et
707 3453 865 3518 declarari
888 3456 1101 3521 consimiliter
1125 3456 1272 3524 faciatis:

225 3559 441 3624 certificantes
473 3556 648 3642 praefatum
681 3555 986 3621 reverendissimum
1024 3563 1160 3651 patrem,
1187 3560 1275 3626 dicto

224 3662 357 3747 negotio
387 3658 548 3745 expedito,
575 3657 683 3722 debite
708 3664 743 3722 et
766 3656 919 3724 distincto
945 3659 985 3724 da
1010 3660 1099 3724 omni
1122 3682 1159 3725 eo
1185 3663 1274 3747 quod

224 3762 365 3828 feceritis
387 3761 423 3825 in
446 3760 626 3848 praemissis.

253 3864 394 3929 ¹Datum
417 3862 479 3927 sub
501 3861 607 3948 sigillo
629 3865 740 3925 nostro
764 3861 800 3925 in
820 3862 964 3927 manerio
983 3870 1095 3929 nostro
1116 3864 1156 3929 de
1180 3864 1274 3930 Had-

224 3966 302 4030 ham
326 3981 427 4030 xxm.
444 3965 497 4028 die
512 3964 631 4028 mensis
647 3961 806 4041 Octobris,
823 3986 909 4030 auno
926 3965 1060 4031 Domini
1078 3968 1274 4054 supradicto,

225 4075 259 4134 et
283 4074 404 4133 nostrae
429 4065 654 4131 translationis
678 4085 764 4130 auno
787 4081 848 4130 vn.

248 4382 255 4412 ¹
268 4380 324 4430 'l'he
335 4381 477 4432 remainder
487 4382 517 4432 ol
531 4382 572 4433 tha
583 4382 678 4447 Bishop
689 4382 718 4433 of
729 4383 855 4434 Loudon's
866 4384 938 4433 letter
949 4383 970 4434 is
981 4390 1025 4433 not
1036 4383 1111 4448 given
1122 4385 1157 4450 by
1169 4385 1247 4436 l'oxe.
