<?xml version="1.0" encoding="UTF-8"?>
<!DOCTYPE html PUBLIC "-//W3C//DTD XHTML 1.0 Transitional//EN"
    "http://www.w3.org/TR/xhtml1/DTD/xhtml1-transitional.dtd">
<html xmlns="http://www.w3.org/1999/xhtml" xml:lang="en" lang="en">
 <head>
  <title>
</title>
<meta http-equiv="Content-Type" content="text/html;charset=utf-8" />
  <meta name='ocr-system' content='tesseract 3.04.00' />
  <meta name='ocr-capabilities' content='ocr_page ocr_carea ocr_par ocr_line ocrx_word'/>
</head>
<body>
  <div class='ocr_page' id='page_1' title='image "./fasciculizizani00nettgoog_0211.png"; bbox 0 0 3008 5490; ppageno 0'>
   <div class='ocr_carea' id='block_1_1' title="bbox 54 3243 190 3490">
    <p class='ocr_par' dir='ltr' id='par_1_1' title="bbox 54 3243 190 3490">
     <span class='ocr_line' id='line_1_1' title="bbox 55 3243 171 3293; baseline 0.017 -2"><span class='ocrx_word' id='word_1_1' title='bbox 55 3243 110 3293; x_wconf 88' lang='lat' dir='ltr'>The</span> <span class='ocrx_word' id='word_1_2' title='bbox 121 3251 171 3293; x_wconf 84' lang='lat' dir='ltr'>two</span> 
     </span>
     <span class='ocr_line' id='line_1_2' title="bbox 54 3309 173 3372; baseline 0.008 -14"><span class='ocrx_word' id='word_1_3' title='bbox 54 3309 173 3372; x_wconf 86' lang='lat' dir='ltr'>positions</span> 
     </span>
     <span class='ocr_line' id='line_1_3' title="bbox 55 3378 190 3425; baseline 0.015 -2"><span class='ocrx_word' id='word_1_4' title='bbox 55 3378 190 3425; x_wconf 86' lang='lat' dir='ltr'>condemn·</span> 
     </span>
     <span class='ocr_line' id='line_1_4' title="bbox 55 3443 94 3490; baseline 0 0"><span class='ocrx_word' id='word_1_5' title='bbox 55 3443 94 3490; x_wconf 85' lang='lat' dir='ltr'>ed.</span> 
     </span>
    </p>
   </div>
   <div class='ocr_carea' id='block_1_2' title="bbox 217 689 953 751">
    <p class='ocr_par' dir='ltr' id='par_1_2' title="bbox 217 689 953 751">
     <span class='ocr_line' id='line_1_5' title="bbox 217 689 953 751; baseline -0.003 -1"><span class='ocrx_word' id='word_1_6' title='bbox 217 689 282 751; x_wconf 89' lang='lat'>110</span> <span class='ocrx_word' id='word_1_7' title='bbox 529 700 707 750; x_wconf 71' lang='lat' dir='ltr'>rismcunr</span> <span class='ocrx_word' id='word_1_8' title='bbox 730 700 953 751; x_wconf 71' lang='lat' dir='ltr'>ammonuit.</span> 
     </span>
    </p>
   </div>
   <div class='ocr_carea' id='block_1_3' title="bbox 219 1290 1273 1461">
    <p class='ocr_par' dir='ltr' id='par_1_3' title="bbox 219 1290 1273 1461">
     <span class='ocr_line' id='line_1_6' title="bbox 219 1290 1273 1360; baseline 0.002 -2"><span class='ocrx_word' id='word_1_9' title='bbox 219 1292 416 1359; x_wconf 75' lang='lat' dir='ltr'>Sarranus</span> <span class='ocrx_word' id='word_1_10' title='bbox 431 1291 616 1357; x_wconf 78' lang='lat' dir='ltr'>Wrnnmm</span> <span class='ocrx_word' id='word_1_11' title='bbox 640 1291 877 1357; x_wconf 67' lang='lat' dir='ltr'>umerum</span> <span class='ocrx_word' id='word_1_12' title='bbox 900 1290 1116 1356; x_wconf 77' lang='lat' dir='ltr'>Oxomaasrs</span> <span class='ocrx_word' id='word_1_13' title='bbox 1136 1309 1273 1360; x_wconf 76' lang='lat' dir='ltr'>corum</span> 
     </span>
     <span class='ocr_line' id='line_1_7' title="bbox 351 1392 1136 1461; baseline -0.004 0"><span class='ocrx_word' id='word_1_14' title='bbox 351 1395 383 1460; x_wconf 85' lang='lat' dir='ltr'>J.</span> <span class='ocrx_word' id='word_1_15' title='bbox 400 1395 598 1461; x_wconf 81' lang='lat' dir='ltr'>Wrconrrr</span> <span class='ocrx_word' id='word_1_16' title='bbox 620 1409 839 1458; x_wconf 80' lang='lat' dir='ltr'>arsrnmnnu</span> <span class='ocrx_word' id='word_1_17' title='bbox 861 1409 901 1458; x_wconf 83' lang='lat' dir='ltr'>1u</span> <span class='ocrx_word' id='word_1_18' title='bbox 923 1392 1136 1458; x_wconf 59' lang='lat' dir='ltr'>Omnium</span> 
     </span>
    </p>
   </div>
   <div class='ocr_carea' id='block_1_4' title="bbox 218 1583 1281 4115">
    <p class='ocr_par' dir='ltr' id='par_1_4' title="bbox 218 1583 1276 1967">
     <span class='ocr_line' id='line_1_8' title="bbox 264 1583 1275 1672; baseline 0.002 -12"><span class='ocrx_word' id='word_1_19' title='bbox 264 1595 479 1662; x_wconf 80' lang='lat' dir='ltr'>Wmnmnus</span> <span class='ocrx_word' id='word_1_20' title='bbox 515 1611 563 1661; x_wconf 81' lang='lat' dir='ltr'>nn</span> <span class='ocrx_word' id='word_1_21' title='bbox 593 1583 746 1672; x_wconf 65' lang='lat' dir='ltr'>Bnnrori,</span> <span class='ocrx_word' id='word_1_22' title='bbox 785 1594 1004 1661; x_wconf 71' lang='lat' dir='ltr'>cancellarius</span> <span class='ocrx_word' id='word_1_23' title='bbox 1035 1594 1275 1662; x_wconf 78' lang='lat' dir='ltr'>Universitatis</span> 
     </span>
     <span class='ocr_line' id='line_1_9' title="bbox 219 1696 1276 1784; baseline 0.001 -20"><span class='ocrx_word' id='word_1_24' title='bbox 219 1697 424 1776; x_wconf 86' lang='lat' dir='ltr'>Oxoniensis,</span> <span class='ocrx_word' id='word_1_25' title='bbox 463 1698 614 1763; x_wconf 86' lang='lat' dir='ltr'>omnibus</span> <span class='ocrx_word' id='word_1_26' title='bbox 646 1699 741 1763; x_wconf 86' lang='lat' dir='ltr'>dictae</span> <span class='ocrx_word' id='word_1_27' title='bbox 772 1696 980 1762; x_wconf 86' lang='lat' dir='ltr'>Universatis</span> <span class='ocrx_word' id='word_1_28' title='bbox 1014 1696 1089 1760; x_wconf 86' lang='lat' dir='ltr'>filiis</span> <span class='ocrx_word' id='word_1_29' title='bbox 1119 1698 1163 1761; x_wconf 82' lang='lat' dir='ltr'>ad</span> <span class='ocrx_word' id='word_1_30' title='bbox 1192 1720 1276 1784; x_wconf 89' lang='lat' dir='ltr'>quos</span> 
     </span>
     <span class='ocr_line' id='line_1_10' title="bbox 218 1798 1276 1886; baseline -0.001 -20"><span class='ocrx_word' id='word_1_31' title='bbox 218 1822 360 1886; x_wconf 82' lang='lat' dir='ltr'>praesens</span> <span class='ocrx_word' id='word_1_32' title='bbox 397 1806 546 1865; x_wconf 84' lang='lat' dir='ltr'>nostrum</span> <span class='ocrx_word' id='word_1_33' title='bbox 583 1800 776 1863; x_wconf 84' lang='lat' dir='ltr'>mandatum</span> <span class='ocrx_word' id='word_1_34' title='bbox 813 1798 1021 1884; x_wconf 86' lang='lat' dir='ltr'>pervenerit:</span> <span class='ocrx_word' id='word_1_35' title='bbox 1061 1798 1209 1878; x_wconf 82' lang='lat' dir='ltr'>salutem,</span> <span class='ocrx_word' id='word_1_36' title='bbox 1242 1805 1276 1865; x_wconf 89' lang='lat' dir='ltr'>et</span> 
     </span>
     <span class='ocr_line' id='line_1_11' title="bbox 219 1901 851 1967; baseline 0 -2"><span class='ocrx_word' id='word_1_37' title='bbox 219 1903 385 1967; x_wconf 88' lang='lat' dir='ltr'>mandatis</span> <span class='ocrx_word' id='word_1_38' title='bbox 406 1903 526 1966; x_wconf 85' lang='lat' dir='ltr'>nostris</span> <span class='ocrx_word' id='word_1_39' title='bbox 549 1902 688 1966; x_wconf 87' lang='lat' dir='ltr'>firmiter</span> <span class='ocrx_word' id='word_1_40' title='bbox 714 1901 851 1965; x_wconf 83' lang='lat' dir='ltr'>obedire.</span> 
     </span>
    </p>

    <p class='ocr_par' dir='ltr' id='par_1_5' title="bbox 219 2002 1279 3202">
     <span class='ocr_line' id='line_1_12' title="bbox 264 2002 1277 2088; baseline 0.002 -23"><span class='ocrx_word' id='word_1_41' title='bbox 264 2002 319 2067; x_wconf 85' lang='lat' dir='ltr'>Ad</span> <span class='ocrx_word' id='word_1_42' title='bbox 347 2009 504 2079; x_wconf 88' lang='lat' dir='ltr'>nostrum,</span> <span class='ocrx_word' id='word_1_43' title='bbox 542 2024 609 2067; x_wconf 94' lang='lat' dir='ltr'>non</span> <span class='ocrx_word' id='word_1_44' title='bbox 638 2003 709 2066; x_wconf 87' lang='lat' dir='ltr'>sine</span> <span class='ocrx_word' id='word_1_45' title='bbox 739 2002 855 2087; x_wconf 84' lang='lat' dir='ltr'>grandi</span> <span class='ocrx_word' id='word_1_46' title='bbox 885 2002 1096 2088; x_wconf 83' lang='lat' dir='ltr'>displicentia,</span> <span class='ocrx_word' id='word_1_47' title='bbox 1124 2004 1277 2088; x_wconf 85' lang='lat' dir='ltr'>pervenit</span> 
     </span>
     <span class='ocr_line' id='line_1_13' title="bbox 219 2104 1278 2188; baseline 0.002 -21"><span class='ocrx_word' id='word_1_48' title='bbox 219 2105 377 2179; x_wconf 87' lang='lat' dir='ltr'>auditum,</span> <span class='ocrx_word' id='word_1_49' title='bbox 402 2105 490 2188; x_wconf 90' lang='lat' dir='ltr'>quod</span> <span class='ocrx_word' id='word_1_50' title='bbox 504 2125 578 2167; x_wconf 89' lang='lat' dir='ltr'>cum</span> <span class='ocrx_word' id='word_1_51' title='bbox 598 2104 745 2167; x_wconf 92' lang='lat' dir='ltr'>omnium</span> <span class='ocrx_word' id='word_1_52' title='bbox 768 2104 929 2169; x_wconf 84' lang='lat' dir='ltr'>haeresum</span> <span class='ocrx_word' id='word_1_53' title='bbox 948 2104 1142 2182; x_wconf 75' lang='lat' dir='ltr'>inventores,</span> <span class='ocrx_word' id='word_1_54' title='bbox 1167 2105 1278 2170; x_wconf 90' lang='lat' dir='ltr'>defen·</span> 
     </span>
     <span class='ocr_line' id='line_1_14' title="bbox 219 2205 1276 2291; baseline 0.005 -24"><span class='ocrx_word' id='word_1_55' title='bbox 219 2226 313 2280; x_wconf 88' lang='lat' dir='ltr'>sores,</span> <span class='ocrx_word' id='word_1_56' title='bbox 345 2226 402 2267; x_wconf 86' lang='lat' dir='ltr'>seu</span> <span class='ocrx_word' id='word_1_57' title='bbox 432 2205 583 2280; x_wconf 88' lang='lat' dir='ltr'>fautores,</span> <span class='ocrx_word' id='word_1_58' title='bbox 611 2226 821 2269; x_wconf 89' lang='lat' dir='ltr'>cumeorum</span> <span class='ocrx_word' id='word_1_59' title='bbox 848 2206 1035 2291; x_wconf 83' lang='lat' dir='ltr'>perniciosis</span> <span class='ocrx_word' id='word_1_60' title='bbox 1058 2206 1276 2291; x_wconf 79' lang='lat' dir='ltr'>dogmatibus,</span> 
     </span>
     <span class='ocr_line' id='line_1_15' title="bbox 219 2305 1277 2390; baseline 0.002 -22"><span class='ocrx_word' id='word_1_61' title='bbox 219 2305 287 2369; x_wconf 86' lang='lat' dir='ltr'>sint</span> <span class='ocrx_word' id='word_1_62' title='bbox 316 2327 374 2390; x_wconf 90' lang='lat' dir='ltr'>per</span> <span class='ocrx_word' id='word_1_63' title='bbox 404 2327 509 2369; x_wconf 82' lang='lat' dir='ltr'>sacros</span> <span class='ocrx_word' id='word_1_64' title='bbox 539 2327 677 2370; x_wconf 88' lang='lat' dir='ltr'>canones</span> <span class='ocrx_word' id='word_1_65' title='bbox 708 2308 874 2371; x_wconf 87' lang='lat' dir='ltr'>sententia</span> <span class='ocrx_word' id='word_1_66' title='bbox 899 2307 1031 2390; x_wconf 88' lang='lat' dir='ltr'>majoris</span> <span class='ocrx_word' id='word_1_67' title='bbox 1055 2308 1277 2372; x_wconf 86' lang='lat' dir='ltr'>excommuni-</span> 
     </span>
     <span class='ocr_line' id='line_1_16' title="bbox 220 2407 1276 2483; baseline 0.003 -13"><span class='ocrx_word' id='word_1_68' title='bbox 220 2407 357 2470; x_wconf 81' lang='lat' dir='ltr'>cationis</span> <span class='ocrx_word' id='word_1_69' title='bbox 380 2407 611 2471; x_wconf 80' lang='lat' dir='ltr'>damnabiliter</span> <span class='ocrx_word' id='word_1_70' title='bbox 632 2409 783 2483; x_wconf 85' lang='lat' dir='ltr'>involuti,</span> <span class='ocrx_word' id='word_1_71' title='bbox 808 2414 841 2472; x_wconf 93' lang='lat' dir='ltr'>et</span> <span class='ocrx_word' id='word_1_72' title='bbox 863 2409 909 2472; x_wconf 90' lang='lat' dir='ltr'>sic</span> <span class='ocrx_word' id='word_1_73' title='bbox 925 2431 945 2472; x_wconf 89' lang='lat' dir='ltr'>a</span> <span class='ocrx_word' id='word_1_74' title='bbox 960 2410 1086 2473; x_wconf 87' lang='lat' dir='ltr'>cunctis</span> <span class='ocrx_word' id='word_1_75' title='bbox 1108 2408 1276 2473; x_wconf 80' lang='lat' dir='ltr'>catholicis</span> 
     </span>
     <span class='ocr_line' id='line_1_17' title="bbox 220 2508 1276 2597; baseline 0.005 -27"><span class='ocrx_word' id='word_1_76' title='bbox 220 2508 461 2572; x_wconf 87' lang='lat' dir='ltr'>rationabiliter</span> <span class='ocrx_word' id='word_1_77' title='bbox 484 2509 651 2587; x_wconf 84' lang='lat' dir='ltr'>evitandi3</span> <span class='ocrx_word' id='word_1_78' title='bbox 676 2511 826 2575; x_wconf 90' lang='lat' dir='ltr'>nonnulli</span> <span class='ocrx_word' id='word_1_79' title='bbox 848 2517 961 2575; x_wconf 89' lang='lat' dir='ltr'>tamen</span> <span class='ocrx_word' id='word_1_80' title='bbox 983 2512 1119 2597; x_wconf 81' lang='lat' dir='ltr'>maligni</span> <span class='ocrx_word' id='word_1_81' title='bbox 1142 2511 1276 2595; x_wconf 87' lang='lat' dir='ltr'>spiritus</span> 
     </span>
     <span class='ocr_line' id='line_1_18' title="bbox 220 2609 1277 2698; baseline 0.004 -26"><span class='ocrx_word' id='word_1_82' title='bbox 220 2609 337 2694; x_wconf 83' lang='lat' dir='ltr'>repleti</span> <span class='ocrx_word' id='word_1_83' title='bbox 352 2611 493 2686; x_wconf 90' lang='lat' dir='ltr'>oonsilio,</span> <span class='ocrx_word' id='word_1_84' title='bbox 510 2611 545 2673; x_wconf 90' lang='lat' dir='ltr'>in</span> <span class='ocrx_word' id='word_1_85' title='bbox 560 2611 721 2675; x_wconf 89' lang='lat' dir='ltr'>insaniam</span> <span class='ocrx_word' id='word_1_86' title='bbox 736 2613 856 2676; x_wconf 91' lang='lat' dir='ltr'>mentis</span> <span class='ocrx_word' id='word_1_87' title='bbox 867 2614 1024 2698; x_wconf 90' lang='lat' dir='ltr'>producti,</span> <span class='ocrx_word' id='word_1_88' title='bbox 1042 2614 1277 2696; x_wconf 86' lang='lat' dir='ltr'>molientesque</span> 
     </span>
     <span class='ocr_line' id='line_1_19' title="bbox 222 2711 1277 2788; baseline 0.002 -14"><span class='ocrx_word' id='word_1_89' title='bbox 222 2711 367 2775; x_wconf 90' lang='lat' dir='ltr'>tunicam</span> <span class='ocrx_word' id='word_1_90' title='bbox 384 2711 528 2788; x_wconf 92' lang='lat' dir='ltr'>Domini,</span> <span class='ocrx_word' id='word_1_91' title='bbox 545 2713 679 2777; x_wconf 80' lang='lat' dir='ltr'>scilicet²</span> <span class='ocrx_word' id='word_1_92' title='bbox 702 2722 824 2779; x_wconf 87' lang='lat' dir='ltr'>sanctae</span> <span class='ocrx_word' id='word_1_93' title='bbox 840 2715 954 2778; x_wconf 88' lang='lat' dir='ltr'>matris</span> <span class='ocrx_word' id='word_1_94' title='bbox 970 2714 1110 2778; x_wconf 81' lang='lat' dir='ltr'>ecclesiae</span> <span class='ocrx_word' id='word_1_95' title='bbox 1134 2714 1277 2777; x_wconf 89' lang='lat' dir='ltr'>scindere</span> 
     </span>
     <span class='ocr_line' id='line_1_20' title="bbox 221 2813 1279 2897; baseline 0.001 -21"><span class='ocrx_word' id='word_1_96' title='bbox 221 2813 392 2890; x_wconf 89' lang='lat' dir='ltr'>unitatem,</span> <span class='ocrx_word' id='word_1_97' title='bbox 421 2815 579 2897; x_wconf 84' lang='lat' dir='ltr'>quasdam</span> <span class='ocrx_word' id='word_1_98' title='bbox 606 2814 744 2879; x_wconf 85' lang='lat' dir='ltr'>haereses</span> <span class='ocrx_word' id='word_1_99' title='bbox 771 2816 848 2879; x_wconf 92' lang='lat' dir='ltr'>olim</span> <span class='ocrx_word' id='word_1_100' title='bbox 872 2816 914 2878; x_wconf 89' lang='lat' dir='ltr'>ab</span> <span class='ocrx_word' id='word_1_101' title='bbox 937 2816 1279 2879; x_wconf 89' lang='lat' dir='ltr'>ecclesiasolemniter</span> 
     </span>
     <span class='ocr_line' id='line_1_21' title="bbox 222 2915 1278 3000; baseline 0.002 -23"><span class='ocrx_word' id='word_1_102' title='bbox 222 2915 461 2991; x_wconf 84' lang='lat' dir='ltr'>condemnatas,</span> <span class='ocrx_word' id='word_1_103' title='bbox 489 2917 541 2979; x_wconf 86' lang='lat' dir='ltr'>his</span> <span class='ocrx_word' id='word_1_104' title='bbox 557 2916 678 2994; x_wconf 85' lang='lat' dir='ltr'>diebus,</span> <span class='ocrx_word' id='word_1_105' title='bbox 704 2939 761 3000; x_wconf 91' lang='lat' dir='ltr'>pro</span> <span class='ocrx_word' id='word_1_106' title='bbox 778 2918 876 2993; x_wconf 88' lang='lat' dir='ltr'>dolor,</span> <span class='ocrx_word' id='word_1_107' title='bbox 900 2917 1061 2978; x_wconf 87' lang='lat' dir='ltr'>innovant</span> <span class='ocrx_word' id='word_1_108' title='bbox 1077 2939 1084 2991; x_wconf 90' lang='lat'>;</span> <span class='ocrx_word' id='word_1_109' title='bbox 1107 2923 1140 2977; x_wconf 87' lang='lat' dir='ltr'>et</span> <span class='ocrx_word' id='word_1_110' title='bbox 1157 2923 1226 2979; x_wconf 88' lang='lat' dir='ltr'>tam</span> <span class='ocrx_word' id='word_1_111' title='bbox 1243 2917 1278 2979; x_wconf 93' lang='lat' dir='ltr'>in</span> 
     </span>
     <span class='ocr_line' id='line_1_22' title="bbox 223 3015 1278 3101; baseline 0.003 -23"><span class='ocrx_word' id='word_1_112' title='bbox 223 3015 287 3079; x_wconf 87' lang='lat' dir='ltr'>ista</span> <span class='ocrx_word' id='word_1_113' title='bbox 302 3019 523 3094; x_wconf 85' lang='lat' dir='ltr'>universitate,</span> <span class='ocrx_word' id='word_1_114' title='bbox 541 3040 638 3101; x_wconf 85' lang='lat' dir='ltr'>quam</span> <span class='ocrx_word' id='word_1_115' title='bbox 663 3024 765 3092; x_wconf 82' lang='lat' dir='ltr'>extra,</span> <span class='ocrx_word' id='word_1_116' title='bbox 790 3017 917 3101; x_wconf 91' lang='lat' dir='ltr'>publice</span> <span class='ocrx_word' id='word_1_117' title='bbox 941 3016 1186 3098; x_wconf 81' lang='lat' dir='ltr'>dogrnatizant3</span> <span class='ocrx_word' id='word_1_118' title='bbox 1211 3019 1278 3081; x_wconf 90' lang='lat' dir='ltr'>duo</span> 
     </span>
     <span class='ocr_line' id='line_1_23' title="bbox 224 3118 1079 3202; baseline -0.005 -23"><span class='ocrx_word' id='word_1_119' title='bbox 224 3118 311 3181; x_wconf 88' lang='lat' dir='ltr'>inter</span> <span class='ocrx_word' id='word_1_120' title='bbox 333 3118 398 3180; x_wconf 83' lang='lat' dir='ltr'>alia</span> <span class='ocrx_word' id='word_1_121' title='bbox 421 3141 479 3181; x_wconf 88' lang='lat' dir='ltr'>sua</span> <span class='ocrx_word' id='word_1_122' title='bbox 502 3120 696 3181; x_wconf 87' lang='lat' dir='ltr'>documenta</span> <span class='ocrx_word' id='word_1_123' title='bbox 719 3118 872 3202; x_wconf 89' lang='lat' dir='ltr'>pestifera</span> <span class='ocrx_word' id='word_1_124' title='bbox 895 3123 1079 3180; x_wconf 77' lang='lat' dir='ltr'>asserentes,</span> 
     </span>
    </p>

    <p class='ocr_par' dir='ltr' id='par_1_6' title="bbox 224 3218 1279 3503">
     <span class='ocr_line' id='line_1_24' title="bbox 269 3218 1279 3301; baseline 0.003 -21"><span class='ocrx_word' id='word_1_125' title='bbox 269 3218 388 3293; x_wconf 89' lang='lat' dir='ltr'>Primo,</span> <span class='ocrx_word' id='word_1_126' title='bbox 411 3221 445 3281; x_wconf 91' lang='lat' dir='ltr'>in</span> <span class='ocrx_word' id='word_1_127' title='bbox 466 3226 667 3281; x_wconf 87' lang='lat' dir='ltr'>sacramento</span> <span class='ocrx_word' id='word_1_128' title='bbox 694 3220 805 3280; x_wconf 85' lang='lat' dir='ltr'>altaris</span> <span class='ocrx_word' id='word_1_129' title='bbox 821 3218 1039 3280; x_wconf 82' lang='lat' dir='ltr'>substantiam</span> <span class='ocrx_word' id='word_1_130' title='bbox 1064 3218 1157 3301; x_wconf 83' lang='lat' dir='ltr'>panis</span> <span class='ocrx_word' id='word_1_131' title='bbox 1172 3226 1279 3283; x_wconf 87' lang='lat' dir='ltr'>matc-</span> 
     </span>
     <span class='ocr_line' id='line_1_25' title="bbox 224 3319 1277 3403; baseline 0.003 -23"><span class='ocrx_word' id='word_1_132' title='bbox 224 3319 313 3381; x_wconf 88' lang='lat' dir='ltr'>rialis</span> <span class='ocrx_word' id='word_1_133' title='bbox 341 3326 375 3380; x_wconf 89' lang='lat' dir='ltr'>et</span> <span class='ocrx_word' id='word_1_134' title='bbox 406 3320 484 3393; x_wconf 87' lang='lat' dir='ltr'>vini,</span> <span class='ocrx_word' id='word_1_135' title='bbox 517 3341 590 3400; x_wconf 83' lang='lat' dir='ltr'>quae</span> <span class='ocrx_word' id='word_1_136' title='bbox 614 3320 704 3403; x_wconf 86' lang='lat' dir='ltr'>prius</span> <span class='ocrx_word' id='word_1_137' title='bbox 731 3320 865 3381; x_wconf 86' lang='lat' dir='ltr'>fuerunt</span> <span class='ocrx_word' id='word_1_138' title='bbox 893 3325 969 3382; x_wconf 86' lang='lat' dir='ltr'>ante</span> <span class='ocrx_word' id='word_1_139' title='bbox 993 3321 1277 3397; x_wconf 85' lang='lat' dir='ltr'>consecrationem,</span> 
     </span>
     <span class='ocr_line' id='line_1_26' title="bbox 224 3419 946 3503; baseline 0 -21"><span class='ocrx_word' id='word_1_140' title='bbox 224 3426 297 3503; x_wconf 90' lang='lat' dir='ltr'>post</span> <span class='ocrx_word' id='word_1_141' title='bbox 320 3420 595 3482; x_wconf 86' lang='lat' dir='ltr'>consecrationem</span> <span class='ocrx_word' id='word_1_142' title='bbox 619 3419 750 3481; x_wconf 86' lang='lat' dir='ltr'>realiter</span> <span class='ocrx_word' id='word_1_143' title='bbox 773 3442 946 3484; x_wconf 85' lang='lat' dir='ltr'>remanere.</span> 
     </span>
    </p>

    <p class='ocr_par' dir='ltr' id='par_1_7' title="bbox 222 3519 1279 4014">
     <span class='ocr_line' id='line_1_27' title="bbox 269 3519 1279 3603; baseline 0.003 -20"><span class='ocrx_word' id='word_1_144' title='bbox 269 3519 425 3595; x_wconf 86' lang='lat' dir='ltr'>Secundo,</span> <span class='ocrx_word' id='word_1_145' title='bbox 457 3521 545 3603; x_wconf 93' lang='lat' dir='ltr'>quod</span> <span class='ocrx_word' id='word_1_146' title='bbox 575 3521 790 3584; x_wconf 82' lang='lat' dir='ltr'>execrabilius</span> <span class='ocrx_word' id='word_1_147' title='bbox 814 3528 863 3585; x_wconf 89' lang='lat' dir='ltr'>est</span> <span class='ocrx_word' id='word_1_148' title='bbox 890 3524 1016 3599; x_wconf 85' lang='lat' dir='ltr'>auditu,</span> <span class='ocrx_word' id='word_1_149' title='bbox 1045 3524 1079 3585; x_wconf 92' lang='lat' dir='ltr'>in</span> <span class='ocrx_word' id='word_1_150' title='bbox 1103 3524 1158 3585; x_wconf 90' lang='lat' dir='ltr'>illo</span> <span class='ocrx_word' id='word_1_151' title='bbox 1182 3546 1279 3587; x_wconf 86' lang='lat' dir='ltr'>vene·</span> 
     </span>
     <span class='ocr_line' id='line_1_28' title="bbox 222 3623 1277 3709; baseline 0.004 -26"><span class='ocrx_word' id='word_1_152' title='bbox 222 3623 318 3685; x_wconf 88' lang='lat' dir='ltr'>rabili</span> <span class='ocrx_word' id='word_1_153' title='bbox 333 3630 534 3685; x_wconf 86' lang='lat' dir='ltr'>sacramento</span> <span class='ocrx_word' id='word_1_154' title='bbox 550 3644 616 3685; x_wconf 91' lang='lat' dir='ltr'>non</span> <span class='ocrx_word' id='word_1_155' title='bbox 640 3645 707 3685; x_wconf 88' lang='lat' dir='ltr'>esse</span> <span class='ocrx_word' id='word_1_156' title='bbox 734 3645 848 3707; x_wconf 88' lang='lat' dir='ltr'>corpus</span> <span class='ocrx_word' id='word_1_157' title='bbox 873 3624 995 3688; x_wconf 82' lang='lat' dir='ltr'>Christi</span> <span class='ocrx_word' id='word_1_158' title='bbox 1020 3631 1053 3687; x_wconf 92' lang='lat' dir='ltr'>et</span> <span class='ocrx_word' id='word_1_159' title='bbox 1077 3627 1277 3709; x_wconf 79' lang='lat' dir='ltr'>sanguinem,</span> 
     </span>
     <span class='ocr_line' id='line_1_29' title="bbox 224 3724 1278 3809; baseline 0 -22"><span class='ocrx_word' id='word_1_160' title='bbox 224 3724 438 3787; x_wconf 86' lang='lat' dir='ltr'>essentialiter</span> <span class='ocrx_word' id='word_1_161' title='bbox 460 3746 518 3787; x_wconf 88' lang='lat' dir='ltr'>nec</span> <span class='ocrx_word' id='word_1_162' title='bbox 541 3724 809 3801; x_wconf 87' lang='lat' dir='ltr'>substantialiter,</span> <span class='ocrx_word' id='word_1_163' title='bbox 835 3747 893 3788; x_wconf 88' lang='lat' dir='ltr'>nec</span> <span class='ocrx_word' id='word_1_164' title='bbox 917 3725 1037 3787; x_wconf 79' lang='lat' dir='ltr'>etian1³</span> <span class='ocrx_word' id='word_1_165' title='bbox 1061 3727 1278 3809; x_wconf 69' lang='lat' dir='ltr'>corporaliter,</span> 
     </span>
     <span class='ocr_line' id='line_1_30' title="bbox 223 3826 1279 3910; baseline 0 -22"><span class='ocrx_word' id='word_1_166' title='bbox 223 3826 279 3888; x_wconf 88' lang='lat' dir='ltr'>sed</span> <span class='ocrx_word' id='word_1_167' title='bbox 294 3826 469 3908; x_wconf 81' lang='lat' dir='ltr'>figurative</span> <span class='ocrx_word' id='word_1_168' title='bbox 485 3847 541 3889; x_wconf 91' lang='lat' dir='ltr'>seu</span> <span class='ocrx_word' id='word_1_169' title='bbox 557 3828 700 3910; x_wconf 83' lang='lat' dir='ltr'>tropice3</span> <span class='ocrx_word' id='word_1_170' title='bbox 724 3828 769 3889; x_wconf 89' lang='lat' dir='ltr'>sic</span> <span class='ocrx_word' id='word_1_171' title='bbox 792 3829 879 3910; x_wconf 89' lang='lat' dir='ltr'>quod</span> <span class='ocrx_word' id='word_1_172' title='bbox 904 3827 1053 3890; x_wconf 80' lang='lat' dir='ltr'>Christus</span> <span class='ocrx_word' id='word_1_173' title='bbox 1077 3850 1143 3890; x_wconf 91' lang='lat' dir='ltr'>non</span> <span class='ocrx_word' id='word_1_174' title='bbox 1166 3828 1209 3890; x_wconf 91' lang='lat' dir='ltr'>sit</span> <span class='ocrx_word' id='word_1_175' title='bbox 1233 3828 1279 3889; x_wconf 92' lang='lat' dir='ltr'>ibi</span> 
     </span>
     <span class='ocr_line' id='line_1_31' title="bbox 225 3927 1023 4014; baseline 0 -25"><span class='ocrx_word' id='word_1_176' title='bbox 225 3927 386 3990; x_wconf 90' lang='lat' dir='ltr'>veraciter</span> <span class='ocrx_word' id='word_1_177' title='bbox 409 3928 444 3990; x_wconf 95' lang='lat' dir='ltr'>in</span> <span class='ocrx_word' id='word_1_178' title='bbox 467 3951 527 3991; x_wconf 88' lang='lat' dir='ltr'>sua</span> <span class='ocrx_word' id='word_1_179' title='bbox 548 3929 677 4012; x_wconf 84' lang='lat' dir='ltr'>propria</span> <span class='ocrx_word' id='word_1_180' title='bbox 699 3951 836 4013; x_wconf 86' lang='lat' dir='ltr'>persona</span> <span class='ocrx_word' id='word_1_181' title='bbox 860 3929 1023 4014; x_wconf 85' lang='lat' dir='ltr'>corporali.</span> 
     </span>
    </p>

    <p class='ocr_par' dir='ltr' id='par_1_8' title="bbox 270 4030 1281 4115">
     <span class='ocr_line' id='line_1_32' title="bbox 270 4030 1281 4115; baseline 0.002 -24"><span class='ocrx_word' id='word_1_182' title='bbox 270 4030 324 4092; x_wconf 78' lang='lat' dir='ltr'>Ex</span> <span class='ocrx_word' id='word_1_183' title='bbox 363 4031 480 4115; x_wconf 90' lang='lat' dir='ltr'>quibus</span> <span class='ocrx_word' id='word_1_184' title='bbox 520 4031 722 4094; x_wconf 87' lang='lat' dir='ltr'>documentis</span> <span class='ocrx_word' id='word_1_185' title='bbox 760 4032 840 4094; x_wconf 88' lang='lat' dir='ltr'>fides</span> <span class='ocrx_word' id='word_1_186' title='bbox 878 4031 1036 4095; x_wconf 84' lang='lat' dir='ltr'>catholica</span> <span class='ocrx_word' id='word_1_187' title='bbox 1066 4030 1281 4114; x_wconf 83' lang='lat' dir='ltr'>periclitatur,</span> 
     </span>
    </p>
   </div>
   <div class='ocr_carea' id='block_1_5' title="bbox 224 4353 1282 4653">
    <p class='ocr_par' dir='ltr' id='par_1_9' title="bbox 224 4353 1282 4653">
     <span class='ocr_line' id='line_1_33' title="bbox 259 4353 1178 4418; baseline 0.001 -15"><span class='ocrx_word' id='word_1_188' title='bbox 259 4356 348 4403; x_wconf 88' lang='lat' dir='ltr'>¹This</span> <span class='ocrx_word' id='word_1_189' title='bbox 376 4357 510 4403; x_wconf 85' lang='lat' dir='ltr'>document</span> <span class='ocrx_word' id='word_1_190' title='bbox 533 4355 554 4402; x_wconf 90' lang='lat' dir='ltr'>is</span> <span class='ocrx_word' id='word_1_191' title='bbox 577 4356 675 4417; x_wconf 85' lang='lat' dir='ltr'>printed</span> <span class='ocrx_word' id='word_1_192' title='bbox 704 4355 729 4401; x_wconf 92' lang='lat' dir='ltr'>in</span> <span class='ocrx_word' id='word_1_193' title='bbox 808 4353 932 4418; x_wconf 76' lang='lat' dir='ltr'>²sciliccl]</span> <span class='ocrx_word' id='word_1_194' title='bbox 953 4355 1178 4417; x_wconf 82' lang='lat' dir='ltr'>similiter,Spelm.</span> 
     </span>
     <span class='ocr_line' id='line_1_34' title="bbox 226 4434 1282 4497; baseline 0.001 -15"><span class='ocrx_word' id='word_1_195' title='bbox 226 4434 363 4495; x_wconf 81' lang='lat' dir='ltr'>Spclman’s</span> <span class='ocrx_word' id='word_1_196' title='bbox 375 4435 495 4490; x_wconf 74' lang='lat' dir='ltr'>Concilio,</span> <span class='ocrx_word' id='word_1_197' title='bbox 508 4448 536 4480; x_wconf 91' lang='lat'>11.</span> <span class='ocrx_word' id='word_1_198' title='bbox 550 4448 574 4495; x_wconf 91' lang='lat' dir='ltr'>p.</span> <span class='ocrx_word' id='word_1_199' title='bbox 588 4436 644 4491; x_wconf 75' lang='lat'>627,</span> <span class='ocrx_word' id='word_1_200' title='bbox 664 4434 729 4480; x_wconf 79' lang='lat' dir='ltr'>from</span> <span class='ocrx_word' id='word_1_201' title='bbox 807 4434 912 4497; x_wconf 72' lang='grc' dir='ltr'><em>ἐίὲαηι]</em></span> <span class='ocrx_word' id='word_1_202' title='bbox 932 4435 956 4481; x_wconf 87' lang='grc' dir='ltr'>Α</span> <span class='ocrx_word' id='word_1_203' title='bbox 972 4436 1043 4481; x_wconf 86' lang='lat' dir='ltr'>small</span> <span class='ocrx_word' id='word_1_204' title='bbox 1062 4436 1139 4481; x_wconf 81' lang='lat' dir='ltr'>blank</span> <span class='ocrx_word' id='word_1_205' title='bbox 1159 4435 1209 4482; x_wconf 85' lang='lat' dir='ltr'>and</span> <span class='ocrx_word' id='word_1_206' title='bbox 1227 4449 1282 4483; x_wconf 83' lang='lat' dir='ltr'>era-</span> 
     </span>
     <span class='ocr_line' id='line_1_35' title="bbox 224 4511 1161 4574; baseline 0.002 -15"><span class='ocrx_word' id='word_1_207' title='bbox 224 4512 386 4574; x_wconf 86' lang='lat' dir='ltr'>Archbishop</span> <span class='ocrx_word' id='word_1_208' title='bbox 410 4512 547 4574; x_wconf 81' lang='lat' dir='ltr'>Sudbury&#39;s</span> <span class='ocrx_word' id='word_1_209' title='bbox 570 4511 680 4574; x_wconf 81' lang='lat' dir='ltr'>register.</span> <span class='ocrx_word' id='word_1_210' title='bbox 716 4511 729 4558; x_wconf 92' lang='lat'>1</span> <span class='ocrx_word' id='word_1_211' title='bbox 775 4528 831 4562; x_wconf 84' lang='lat' dir='ltr'>sure</span> <span class='ocrx_word' id='word_1_212' title='bbox 843 4514 869 4560; x_wconf 93' lang='lat' dir='ltr'>in</span> <span class='ocrx_word' id='word_1_213' title='bbox 881 4513 937 4562; x_wconf 87' lang='lat' dir='ltr'>MS.</span> <span class='ocrx_word' id='word_1_214' title='bbox 950 4513 1013 4561; x_wconf 77' lang='lat' dir='ltr'>after</span> <span class='ocrx_word' id='word_1_215' title='bbox 1025 4514 1074 4561; x_wconf 78' lang='lat' dir='ltr'>this</span> <span class='ocrx_word' id='word_1_216' title='bbox 1086 4514 1161 4561; x_wconf 80' lang='lat' dir='ltr'>word.</span> 
     </span>
     <span class='ocr_line' id='line_1_36' title="bbox 225 4590 579 4653; baseline 0.003 -16"><span class='ocrx_word' id='word_1_217' title='bbox 225 4590 282 4653; x_wconf 85' lang='lat' dir='ltr'>give</span> <span class='ocrx_word' id='word_1_218' title='bbox 294 4591 333 4638; x_wconf 86' lang='lat' dir='ltr'>his</span> <span class='ocrx_word' id='word_1_219' title='bbox 345 4591 444 4639; x_wconf 81' lang='lat' dir='ltr'>various</span> <span class='ocrx_word' id='word_1_220' title='bbox 457 4591 579 4653; x_wconf 85' lang='lat' dir='ltr'>readings.</span> 
     </span>
    </p>
   </div>
   <div class='ocr_carea' id='block_1_6' title="bbox 0 0 1519 5490">
    <p class='ocr_par' dir='ltr' id='par_1_10' title="bbox 0 0 1519 5490">
     <span class='ocr_line' id='line_1_37' title="bbox 0 0 1519 5490; baseline 0 0"><span class='ocrx_word' id='word_1_221' title='bbox 0 0 1519 5490; x_wconf 95' lang='lat' dir='ltr'> </span> 
     </span>
    </p>
   </div>
  </div>
 </body>
</html>
