3008 5490
374 584 562 636 rescitum
584 578 808 636 maeniorum
1057 574 1121 640 145

65 770 225 859 aooepissa
254 769 451 838 seoundum¹
482 768 620 858 speeiem
649 772 720 839 sine
755 794 791 838 re
820 772 952 860 propria
988 773 1121 862 speciei3

67 873 343 960 quemadmodum
365 871 418 938 et'
434 873 470 936 Β.
481 873 704 959 Hieronymus
728 875 808 940 dicit
831 877 920 960 quod
940 877 976 941 in
998 879 1121 964 angelis

65 974 127 1040 fnit
141 976 268 1062 speeies
284 975 398 1050 virilis,
416 980 450 1039 et
464 997 532 1040 non
546 976 599 1041 vir
612 978 789 1042 secundum
804 977 1029 1044 substantiam.
1065 981 1121 1046 Ita
1173 1014 1176 1018 *

67 1078 291 1155 eommuniter,
307 1075 380 1141 vel³
393 1077 497 1163 magis
512 1079 735 1155 communiter,
751 1084 880 1144 tanente
896 1079 1064 1166 Scriptura
1078 1082 1120 1147 de

65 1177 169 1243 forms
190 1184 227 1244 et
254 1178 360 1265 specie
390 1179 492 1264 panis,
516 1200 576 1244 nec
604 1179 678 1243 istis
700 1179 849 1244 terminis
881 1181 930 1245 ibi
963 1182 1117 1262 inventis,

66 1279 181 1345 dieunt
204 1280 351 1345 doctores
366 1281 454 1364 quod
476 1301 550 1345 caro
574 1279 698 1346 Christi
721 1288 770 1345 est
792 1303 891 1366 quam
906 1282 1009 1348 forma
1024 1285 1119 1370 panis

64 1387 218 1466 opertam
239 1382 418 1466 aecipimus,
447 1386 481 1445 et
507 1382 596 1466 quod
619 1389 855 1447 sacramentum
878 1384 1048 1449 conficitur
1077 1406 1120 1449 ex

66 1480 198 1545 visibili
212 1481 440 1547 elementorum
454 1482 567 1568 specie,
585 1488 619 1547 et
639 1504 735 1546 earne
758 1489 792 1548 et
814 1484 971 1568 sanguine
987 1485 1120 1551 Christi.

66 1582 116 1646 Et
147 1581 268 1669 passim
290 1582 468 1668 loquuntur
488 1606 576 1648 nunc
610 1585 651 1648 de
682 1584 794 1660 forma,
829 1606 916 1648 nuno
945 1586 986 1649 de
1015 1586 1121 1671 speeie

47 1684 186 1774 panis;
219 1685 364 1760 inaniter,
396 1685 498 1750 immo
529 1685 802 1761 inconvenienter,
830 1685 890 1750 hoc
914 1685 1070 1763 fecissent,
1092 1687 1121 1751 si

63 1791 151 1851 esset
173 1786 222 1851 ibi
236 1787 330 1872 panis
352 1788 529 1852 secundum
552 1786 778 1862 substantiam,
796 1793 830 1852 et
844 1787 959 1852 vinum
965 1809 975 1865 3
999 1795 1033 1853 et
1048 1793 1121 1853 tan-

62 1886 156 1953 tum⁴
176 1887 316 1953 inolevit
338 1889 401 1953 iste
423 1889 547 1968 modus,
565 1888 653 1974 quod
674 1889 748 1953 laici
771 1889 917 1955 fatentur
942 1911 977 1955 se
999 1891 1120 1956 vidisse

63 2011 181 2076 eorpus
219 1988 420 2055 Salvatoris⁵
456 1990 493 2054 in
530 1990 635 2076 specie
672 1997 706 2055 et
743 1989 848 2055 forma
884 1992 985 2078 panis.
1040 1992 1118 2058 Non

61 2091 151 2155 enim
174 2092 280 2156 solent
303 2091 408 2156 dicere
435 2091 523 2177 quod
544 2092 660 2157 vident
683 2093 874 2178 sanguinem
897 2094 933 2157 in
958 2094 1037 2159 vino
1059 2101 1119 2160 aut

62 2214 180 2278 eorpus
194 2192 232 2256 in
246 2215 338 2278 pane,
363 2194 427 2269 sed,
444 2194 528 2258 siout
543 2193 621 2268 dixi,
638 2194 674 2257 in
688 2195 793 2280 specie
816 2201 850 2260 et
872 2195 976 2261 forma
990 2196 1117 2260 talium.

63 2293 110 2359 Et
140 2294 348 2380 Augustinus
376 2295 463 2371 dicit,
489 2295 545 2358 111⁰
575 2296 615 2359 de
637 2295 808 2372 Trinitate‚
832 2298 920 2381 quod
943 2298 1038 2382 panis
1068 2304 1118 2362 est

62 2396 187 2482 species
220 2394 420 2461 transitivas
464 2396 509 2460 Et
539 2397 731 2461 Ambrosius
759 2395 812 2459 in⁷
841 2398 926 2461 libro
956 2399 996 2461 de
1027 2397 1118 2481 Mys-

62 2496 157 2563 teriis
192 2497 273 2563 dicit
303 2498 391 2582 quod
426 2497 577 2562 Christus
610 2498 647 2560 in
677 2503 878 2560 sacramento
908 2497 1029 2582 species
1056 2498 1119 2562 ele·

61 2605 253 2665 mentorum
274 2597 405 2663 mutat.⁸
449 2599 494 2662 Et
524 2603 649 2663 certum
673 2605 723 2661 est
750 2597 882 2661 omnino
906 2598 993 2681 quod
1015 2598 1117 2682 panis,

62 2702 119 2765 vel
152 2700 275 2786 species
310 2701 387 2785 ejus,
412 2723 479 2765 non
512 2700 632 2764 transit
663 2722 722 2764 nec
753 2704 909 2774 mutatur,
940 2699 1118 2763 secundum

61 2802 203 2867 formam
244 2808 304 2867 aut
342 2802 489 2888 speciem,
531 2801 605 2866 ideo
647 2805 775 2885 oportet
813 2800 900 2885 quod
941 2801 1118 2865 secundum

62 2903 284 2969 substantiam
299 2904 364 2968 ista
379 2905 468 2967 fiant.

108 3005 318 3070 Confitentur
347 3004 404 3068 alii
435 3004 522 3087 quod
551 3005 632 3067 fides
662 3027 728 3079 sua,
751 3026 816 3088 qua
845 3008 998 3069 astruunt
1030 3005 1117 3089 quod
1130 3021 1271 3087 Ouroppo-

62 3107 160 3192 panis
175 3112 209 3170 et
224 3107 339 3170 vinum
360 3111 529 3169 remanent
549 3113 623 3190 post
646 3107 917 3170 consecrationem
939 3105 976 3170 in
989 3107 1115 3171 naturis
1128 3097 1263 3205 {fffflcy

62 3210 139 3283 suis,
156 3207 262 3272 adhuc
285 3214 434 3271 servatur
456 3205 505 3269 in⁹
520 3206 618 3282 laicis,
636 3213 669 3271 et
691 3208 874 3291 antiquitus
896 3208 1094 3273 servabatur.
1128 3221 1249 3271 trinehas

108 3309 224 3373 Huic¹⁰
240 3310 354 3373 dicunt
374 3310 484 3373 fideles
504 3310 591 3393 quod
613 3309 693 3372 fides
715 3308 827 3394 prima,
844 3332 918 3394 quae
942 3318 991 3374 est
1008 3312 1115 3395 posita
1128 3289 1282 3418 {fflffie

62 3410 98 3474 in
123 3433 178 3475 ore
194 3411 340 3474 fidelium
356 3411 398 3473 ab
413 3411 552 3474 eoelesiae
575 3410 731 3494 patribus,
755 3411 813 3474 illa
835 3417 884 3475 est
906 3413 1113 3476 attendenda.
1128 3419 1196 3482 laity.

63 3513 128 3576 Illa
149 3519 260 3577 autem
284 3534 356 3596 quae
380 3533 437 3596 per
451 3511 686 3596 oppositionem
708 3511 919 3576 intricatam¹¹
941 3519 1000 3575 aut
1020 3534 1115 3597 argu-

63 3621 178 3679 menta
220 3620 442 3698 extorquetur,
482 3636 540 3676 nec
576 3620 625 3677 est
662 3613 697 3676 in
738 3614 864 3678 modico
903 3615 1111 3699 expectanda.

97 4007 104 4037 ¹
117 4005 259 4070 secundum]
274 4021 322 4054 om.
335 4006 369 4066 A,
381 4006 411 4065 B,
424 4006 453 4056 C.
608 4015 671 4069 gust.
684 4007 714 4056 de
726 4006 796 4056 Trin.
808 4020 849 4056 111.
862 4021 883 4055 c.
898 4012 935 4057 10.
949 4005 1011 4070 app.
1022 4015 1039 4056 t.
1049 4020 1108 4057 rur.

95 4088 106 4116 ²
117 4086 153 4150 et]
168 4101 217 4134 om.
230 4085 264 4144 A,
276 4085 305 4134 C.
609 4102 632 4148 p.
645 4091 702 4142 804,
714 4100 739 4134 n.

95 4167 105 4194 ¹
118 4164 166 4228 rel]
181 4173 213 4221 et,
224 4164 254 4212 B.
642 4165 650 4190 ¹
663 4163 702 4227 iu]
716 4179 764 4211 om.
778 4163 807 4212 B.

95 4246 105 4273 ⁴
116 4251 140 4291 et
151 4243 256 4306 tantum]
270 4250 294 4292 et
305 4243 451 4301 adtentum,
464 4244 494 4291 B.
641 4244 651 4272 ⁸
662 4244 738 4291 Amb.
751 4243 782 4291 de
794 4242 930 4307 Mysteriis,
942 4257 995 4305 cap.
1009 4249 1033 4294 9.

93 4325 199 4387 ‘corpu
210 4320 360 4387 salvatoris]
370 4337 460 4385 corpus
471 4320 566 4372 Christi
642 4324 652 4350 ¹
663 4321 701 4385 iu]
715 4337 763 4370 om.
776 4323 806 4371 B.

62 4401 211 4459 Salvatoris,
222 4402 253 4449 B.
643 4402 661 4429 ¹¹
672 4399 754 4464 Huic]
769 4398 844 4459 ilinc,
857 4398 890 4458 A,
902 4397 931 4449 C.

93 4479 260 4544 ¹truusr'titu]
270 4477 411 4539 transitura,
420 4478 453 4538 A,
461 4478 491 4532 (¹.
509 4478 565 4529 Au·
643 4479 659 4509 ¹¹
673 4478 823 4543 intricatum]
836 4477 1003 4536 intrinsecam,
1018 4476 1050 4526 A.

993 4571 1020 4617 K
