3008 5490
541 726 720 777 rusorum
744 726 967 777 zrzluronuu
1215 714 1279 779 393

223 914 286 981 sed
305 914 403 980 debet
421 937 496 980 eum
518 916 722 981 committere
741 916 972 1003 gubernationi
993 915 1135 1003 Spiritus
1156 915 1277 993 Sancti,

224 1022 262 1084 et
284 1017 423 1104 propriae
447 1018 660 1084 conscientiae.

704 1220 803 1287 VIII.

271 1346 325 1414 De
347 1348 600 1435 possessionibus
623 1348 762 1414 ecclesiae
786 1348 873 1424 dicit,
1290 1346 1420 1426 Autome

274 1454 301 1514 l.
327 1450 423 1531 Quod
445 1457 610 1517 ostensum
633 1456 683 1517 est
705 1451 877 1516 manifeste
900 1451 936 1514 in
951 1450 1093 1536 quodam
1115 1450 1178 1515 alio
1193 1429 1441 1531 trac-lo'i‘fl'fgmom

222 1559 302 1618 tatu
342 1553 480 1640 speciali,
523 1553 685 1639 quomodo
729 1574 797 1631 rex,
839 1553 970 1629 domini,
1018 1558 1051 1617 et
1092 1575 1278 1618 communes
1289 1547 1392 1598 choreb.

223 1661 365 1742 possunt
385 1656 455 1721 sine
477 1655 587 1742 aliquo
609 1661 744 1742 sumptu
765 1655 885 1720 habere
909 1654 949 1718 de
978 1676 1064 1720 novo
1094 1655 1277 1740 quindecim

224 1757 410 1837 comitatus,
442 1758 629 1844 quindecim
659 1757 763 1822 millia
795 1757 947 1833 militum,
979 1763 1013 1821 et
1042 1757 1276 1833 scutiferorum,

223 1880 300 1924 oum
330 1857 565 1924 sufficientibus
589 1860 686 1925 terris
710 1865 744 1925 et
765 1859 955 1936 redditibus,
979 1858 1020 1923 de
1045 1858 1278 1945 temporalibus

225 1962 429 2048 consumptis
458 1961 495 2024 in
525 1961 677 2026 manibus
712 1961 905 2027 secularium
935 1960 1131 2039 clericorum,
1160 1965 1195 2025 et
1223 1961 1278 2025 fic-

224 2068 334 2129 torum
359 2063 589 2150 religiosorum,
606 2063 663 2149 qui
689 2084 859 2150 nunquam
882 2064 965 2128 bene
988 2062 1114 2128 iaciunt
1137 2061 1278 2129 officium

224 2171 423 2246 curatorum,
459 2186 519 2230 nec
559 2165 753 2231 secularium
793 2163 1019 2231 dominorum¹
1082 2165 1128 2230 Et
1172 2164 1278 2230 adbuc

225 2266 317 2332 ultra
338 2267 405 2344 hoc,
438 2289 496 2333 rex
519 2272 629 2354 potest
659 2267 778 2333 habere
802 2269 892 2332 omni
918 2288 1004 2331 anno
1034 2267 1134 2333 libere
1156 2267 1278 2354 viginti

223 2369 330 2434 millia
366 2368 524 2434 librarum
554 2371 596 2435 ad
626 2391 721 2435 suum
751 2370 947 2435 thesaurum.
1005 2370 1051 2435 Et
1083 2369 1177 2446 ultra,
1209 2390 1277 2445 rex,

225 2471 361 2549 domini,
385 2479 420 2538 et
444 2493 639 2549 communes,
671 2478 808 2558 possunt
830 2472 986 2547 invenire,
1011 2473 1064 2549 vel
1093 2475 1277 2537 sustentare

226 2574 267 2639 de
298 2596 385 2639 novo
408 2573 595 2658 quindecim
625 2575 865 2653 universitates,
896 2580 931 2639 et
955 2574 1140 2659 quindecim
1174 2573 1278 2637 millia

226 2676 493 2763 presbyterorum
521 2680 555 2741 et
578 2676 774 2754 clericorum,
806 2698 880 2740 cum
910 2674 1082 2740 sufficienti
1111 2674 1211 2753 victu,
1243 2680 1278 2740 et

226 2785 361 2846 centum
392 2779 505 2844 domos
535 2779 803 2865 eleemosynarius
839 2800 897 2864 pro
928 2778 1204 2856 decumbentibus,
1243 2783 1278 2843 et

228 2881 367 2967 quilibet
391 2881 543 2946 dominus
568 2881 688 2946 habere
709 2881 855 2946 valorem
878 2886 1009 2946 centum
1032 2902 1215 2946 marcarum
1239 2880 1279 2946 de

227 2983 332 3049 terris.
379 2983 425 3048 Et
452 2982 562 3047 omnia
582 2982 651 3048 haec
675 2983 758 3048 bene
777 2987 914 3070 possunt
933 2982 1049 3049 leva1i²
1071 3006 1129 3049 seu
1151 2984 1279 3070 capide

230 3085 395 3174 prtedietis
417 3085 653 3172 temporalibus
675 3086 798 3171 absque
820 3086 888 3151 ullo
910 3090 1045 3172 sumptu
1067 3085 1166 3172 regni.

275 3189 330 3254 Ad
368 3189 456 3276 quod
493 3188 678 3254 faciendum
715 3188 849 3254 invocat
894 3194 928 3254 et
971 3188 1122 3253 hortatur
1159 3211 1277 3276 regem,

228 3292 384 3368 dominos,
402 3297 437 3357 et
450 3312 644 3356 communes.
690 3291 745 3356 Ad
765 3291 852 3356 idem
871 3291 971 3357 etiam
987 3292 1133 3356 minatur
1146 3292 1278 3356 finalem

227 3394 483 3460 destructionem
507 3394 560 3459 vel
586 3393 834 3459 translationem
858 3395 957 3481 regni,
981 3394 1009 3458 si
1032 3416 1099 3458 non
1128 3394 1210 3473 fiat3
1242 3399 1277 3458 et

228 3496 396 3583 promittit
424 3495 659 3562 exaltationem
690 3495 793 3561 totius
820 3497 912 3582 regni
944 3501 979 3561 et
1004 3495 1187 3582 specialiter
1217 3495 1277 3560 mi-

227 3599 317 3677 litiae,
342 3600 370 3664 si
392 3599 452 3664 hoc
474 3600 542 3663 fiat.

274 3705 303 3765 2.
327 3701 414 3766 Item
428 3702 458 3766 si
484 3701 589 3766 clerici
613 3701 770 3767 seculares
794 3707 829 3767 et
855 3703 923 3767 ficti
945 3703 1096 3790 religiosi,
1120 3702 1277 3789 quisunt

228 3804 396 3879 simoniaci
434 3810 468 3869 ct
512 3804 664 3880 haeretici,
703 3804 833 3891 fingunt
871 3827 905 3870 se
943 3806 1046 3870 dicere
1084 3807 1205 3883 missas,
1244 3818 1278 3870 et

227 3907 334 3971 nullas
359 3907 480 3984 dicunt,
505 3908 681 3972 secundum
712 3930 849 3973 canones
883 3929 964 3992 quos
994 3909 1036 3973 ed
1066 3908 1126 3973 lroc
1156 3909 1277 3973 ibidem

228 4010 371 4088 adducit,
389 4008 504 4076 xmv.³
526 4033 577 4097 qu.
615 4015 644 4089 1,
679 4009 907 4088 Audivimus,
939 4016 973 4077 et
1003 4032 1069 4097 cap.
1093 4011 1277 4092 Pudeudu,

225 4214 270 4223 ιιι-
493 4214 590 4222 μ-...α-
606 4216 612 4221 .
623 4214 688 4221 ..ο-ο
695 4215 1007 4224 ——mo—-a-mm-
1021 4219 1227 4229 -——-—-—-.-...

262 4351 348 4404 ¹Note
367 4353 394 4403 iu
411 4353 458 4417 Bp.
478 4350 560 4404 Balc's
577 4351 730 4418 writingr-
751 4382 755 4444 Ι
775 4352 882 4415 written,
903 4353 991 4406 “Nota
1013 4365 1112 4409 ouumm
1135 4359 1210 4411 totius
1233 4371 1276 4412 ne·

228 4433 299 4483 “Aa
335 4432 526 4497 parliamentum
563 4441 633 4484 eraut
675 4434 729 4483 haec
751 4459 754 4468 ·
775 4434 887 4498 “gott”

227 4517 243 4541 ‘⁴
254 4513 319 4574 deta,
339 4512 408 4563 An.
432 4517 495 4563 1410
514 4521 539 4563 et
559 4518 630 4571 1414,
642 4527 729 4564 secum
807 4512 917 4580 ²leuem]
932 4516 1021 4576 levare,
1033 4515 1089 4570 MS.

228 4593 317 4642 “dum
339 4592 504 4643 Fabianum.”
540 4591 659 4657 Opposite
686 4593 729 4643 the
807 4594 1024 4659 ¹11m]1.,Ms.

228 4686 296 4724 same
318 4678 433 4724 sentence
455 4671 498 4722 the
517 4672 668 4723 transuibor
683 4673 728 4723 lus
