3008 5490
412 705 591 757 rasorcum
614 670 839 755 zrzaruoirura
1086 693 1152 764 107

145 893 250 958 Urmn
275 915 352 959 cum
388 893 563 978 praedictus
599 893 755 978 magister
790 892 960 958 lohannes
1006 892 1155 977 Wyclyff
1163 903 1247 954 when
1276 970 1282 982 α

102 1002 289 1082 argueretur
311 996 353 1060 de
367 994 530 1081 pmdictis
556 994 823 1072 conclusionibus,
847 1001 882 1059 ct
903 995 1152 1081 impugnaretur
1163 971 1302 1096 Ρωᾝξ

102 1117 155 1183 per
184 1098 297 1162 varios
335 1118 435 1162 sacrm
472 1094 663 1181 theologicae
695 1097 839 1162 doctores
868 1097 1041 1182 religiosos,
1073 1102 1147 1161 tum
1162 1051 1302 1180 liigdrncva
1353 1121 1367 1144 ·

101 1200 184 1264 idem
219 1198 381 1284 Magister
405 1197 557 1262 recitavit
579 1198 667 1261 inter
690 1204 798 1263 cetera
821 1205 888 1263 tres
914 1199 1082 1284 opiniones
1110 1169 1307 1285 deffffiffn

100 1300 370 1385 multiplicatione
389 1299 539 1384 corporis,
559 1298 712 1362 videlicet
733 1291 1007 1376 dimensionalem
1032 1299 1152 1364 diffini·
1163 1301 1277 1379 moneor

99 1402 210 1477 tivam,
235 1407 270 1466 ct
289 1401 471 1466 virtualem
518 1398 644 1464 Primae
668 1400 748 1464 duas
768 1402 906 1466 asseruit
927 1400 1060 1465 omnino
1083 1367 1314 1483 essefffflhoe'

100 1502 198 1567 falsas
236 1510 270 1566 et
305 1501 529 1588 impossibiles,
578 1508 612 1566 et
648 1502 781 1566 tertiam
818 1502 982 1567 concessit
1051 1499 1153 1566 Unde
1165 1498 1270 1549 chrisa

101 1604 243 1668 asseruit
279 1604 364 1687 quod
394 1624 510 1689 corpus
541 1601 665 1667 Christi
694 1625 762 1667 non
800 1609 850 1667 est
883 1603 920 1667 in
950 1608 1152 1674 sacramento
1164 1565 1238 1628 ΜΨ

103 1704 216 1768 altaris
238 1725 294 1788 per
318 1705 452 1769 modum
488 1704 778 1789 multiplicationis,
809 1704 869 1767 sed
897 1703 986 1788 quod
1023 1708 1073 1766 est
1105 1703 1153 1766 ibi

103 1805 289 1870 virtualiter
309 1811 451 1880 tantum,
480 1805 566 1870 sicut
587 1804 658 1870 rex¹
683 1809 733 1869 est
755 1804 792 1868 in
814 1808 886 1868 toto
910 1825 1018 1889 regno.

144 1906 239 1971 Idem
255 1906 343 1971 dixit
357 1906 394 1970 in
408 1905 525 1971 scholis
548 1907 637 1991 quod
650 1906 793 1971 intentio
808 1928 868 1970 sua
881 1905 1069 1991 principalis
1084 1904 1150 1969 fuit
1165 1920 1207 1999 He
1217 1922 1270 1972 said
1283 1922 1323 1972 hia

100 2010 136 2072 in
157 2009 223 2073 ista
245 2009 385 2072 materia
406 2029 557 2073 revocare
572 2008 738 2073 ecclesiam
753 2009 796 2073 ab
811 2008 983 2084 idolatria3
1008 2028 1152 2071 asserem
1164 1988 1313 2105 22⁸5th

99 2111 189 2195 quod
212 2109 347 2175 ccclesia
368 2132 389 2173 a
410 2110 524 2173 multis
550 2110 646 2173 annis
670 2109 791 2174 erravit
814 2109 851 2173 in
876 2110 937 2174 hac
960 2109 1105 2173 materia.
1164 2121 1283 2171 perche

145 2211 297 2276 asseruit
327 2211 427 2274 etam
458 2211 545 2295 quoa
575 2211 629 2274 rue
667 2211 759 2296 pana
789 2211 974 2286 materna,
1007 2211 1064 2297 qur
1086 2187 1305 2303 enemo,

99 2314 226 2399 positus
255 2313 293 2376 in
319 2312 416 2376 altari
446 2333 503 2396 per
532 2333 650 2377 manus
680 2312 831 2389 ministri
855 2335 922 2377 non
948 2313 1068 2376 desinit
1084 2326 1228 2382 esseauv·

100 2415 137 2479 in
165 2413 415 2489 consecratione,
447 2419 506 2476 aut
536 2418 632 2498 post;
664 2414 720 2478 scd
750 2414 838 2498 quod
867 2420 1016 2478 remanet
1039 2414 1075 2476 in
1101 2413 1159 2477 sui‘

99 2521 228 2589 ustura,
267 2521 399 2600 peracta
435 2515 683 2591 consecratione,
730 2515 816 2578 sicut
849 2514 957 2599 prius3
1004 2514 1082 2598 quia
1126 2514 1155 2577 si

99 2618 264 2683 desineret
290 2638 366 2692 esse,
390 2615 555 2680 mediante
577 2616 824 2690 consecratione,
848 2621 928 2678 tunc
958 2613 1162 2678 consecratio¹

104 2741 173 2783 non
195 2725 282 2783 essct
305 2717 497 2794 benedictio,
521 2718 578 2781 sed
601 2716 795 2780 maledictio.

148 2820 195 2884 Et
217 2820 304 2884 idem
336 2819 459 2883 Doctor
483 2841 542 2903 pro
573 2819 733 2904 opinione,
766 2818 809 2881 ad
838 2815 1089 2901 exemplandum
1120 2822 1154 2880 et
1167 2825 1287 2902 wyclif'r

102 2922 307 3008 probandum
333 2922 422 3006 quod
445 2920 546 3005 panis,
564 2921 622 3005 qui
649 2919 782 3005 praesint
807 2920 844 2983 in
869 2917 965 2982 altari
988 2922 1065 2980 ante
1079 2893 1327 3010 οοιι-ζέζῗὲᾞξωὅ

102 3023 324 3098 secretionem,
341 3030 488 3086 remanet
503 3023 538 3085 in
562 3028 763 3085 sacramento
778 3027 853 3106 post
868 3019 1151 3094 consecrationem,
1168 3023 1277 3090 opinion.

102 3126 213 3210 posuit
228 3125 400 3209 multiplex
416 3124 609 3207 exemplum,
635 3124 796 3208 quomodo
817 3121 942 3207 aliquid
956 3120 1158 3184 convertitur

103 3228 140 3290 in
154 3227 252 3300 aliud,
277 3232 311 3289 et
331 3233 476 3290 remanet
499 3226 587 3309 quod
609 3226 700 3308 prius
722 3224 794 3299 fuit,
811 3230 885 3309 post
907 3221 1156 3286 conversionem.

105 3327 275 3390 Primum:
315 3332 462 3411 peccator
500 3327 701 3389 convertitur
739 3327 775 3389 in
812 3325 921 3388 virum
954 3324 1091 3406 justum,
1123 3329 1157 3387 et

106 3435 217 3492 manet
248 3429 335 3491 idem
366 3426 463 3491 homo
493 3428 550 3510 qui
577 3428 675 3512 princ,
703 3434 777 3511 post
807 3426 1055 3490 conversionem.
1102 3423 1157 3488 Sic

106 3530 226 3594 dicitur
250 3530 290 3593 de
316 3529 347 3592 S.
367 3529 499 3602 Thema,
525 3530 567 3591 Et
593 3526 636 3591 in
659 3527 778 3591 virum
802 3527 951 3591 alterum
974 3525 1086 3589 subito
1111 3532 1157 3590 ert

106 3630 286 3694 mutatus?
324 3630 426 3693 Aliud
440 3630 626 3713 exemplum
641 3630 757 3713 posuit.
797 3629 970 3712 Gregorius
990 3626 1041 3690 vel
1059 3626 1153 3689 Inno

106 3734 232 3796 centius
255 3732 458 3794 convertitur
487 3732 523 3793 in
549 3753 675 3815 papam,
708 3730 785 3814 quia
811 3736 940 3794 creatur
963 3729 997 3790 in
1020 3749 1137 3812 papam
1149 3751 1157 3805 ;

107 3840 140 3897 et
164 3840 277 3896 manet
302 3833 388 3895 idem
414 3832 511 3895 homo
537 3833 595 3914 qui
618 3832 715 3915 prius.
762 3831 806 3895 Et
820 3832 957 3894 tertium
973 3829 1160 3914 exemplum
1219 3878 1222 3883 .

107 3935 223 4018 posuit.
272 3934 322 3996 Ut
345 3934 472 4018 lignum
496 3934 700 3996 convertitur
721 3933 757 3994 in
780 3932 962 4015 imaginem,
980 3932 1033 3994 vel
1048 3931 1159 3994 album

108 4036 142 4098 in
169 4035 308 4119 nigrum,
334 4035 387 4098 vel
413 4057 499 4118 aqua
523 4035 557 4096 in
582 4034 726 4119 glaciem,
755 4040 788 4097 et
814 4040 925 4096 manet
948 4033 1060 4095 ecdem
1083 4033 1159 4095 sub-

143 4370 218 4434 ¹m]
239 4369 491 4432 ins.bylaterhand
658 4370 695 4418 ed
720 4374 792 4418 1682.
830 4369 854 4416 It
876 4368 897 4417 is
926 4367 1111 4417 characteristic
1133 4367 1164 4415 of

140 4449 395 4497 ’“Transformntus
418 4448 445 4495 in
468 4448 552 4495 virum
575 4447 611 4495 al·
657 4449 699 4497 the
711 4449 768 4511 day,
780 4448 834 4497 that
850 4463 896 4495 our
907 4447 992 4495 writer
1005 4453 1092 4508 quotes
1109 4446 1160 4494 this
1265 4492 1271 4496 .

110 4527 214 4583 terum‚''
243 4528 393 4575 wilhelmus
428 4527 454 4574 in
489 4526 551 4575 vita
585 4526 610 4574 S.
657 4542 760 4590 passage
788 4527 874 4574 rather
896 4527 957 4574 than
979 4525 1022 4573 the
1045 4522 1160 4586 original,

111 4605 215 4655 Thomoe
227 4606 412 4664 Cantuarensis,
425 4621 478 4668 cap.
490 4606 525 4654 ix.
537 4621 562 4667 p.
572 4610 611 4660 16,
660 4611 671 4653 l
686 4605 752 4655 Sam.
764 4619 790 4654 x.
803 4611 828 4654 6.
