3158 5490
275 722 340 786 526
620 770 623 777 .
676 726 766 778 ΝΟΤΕ
786 725 834 780 ΟΝ
855 724 926 780 m

320 909 380 975 vl.
425 907 495 973 The
524 903 696 993 following
727 902 756 970 is
784 901 868 969 from
899 919 961 967 one
991 897 1028 966 cf
1059 897 1120 966 the
1150 899 1335 969 reformer’s

273 1009 467 1098 theological
484 1008 688 1074 lecturas:-

319 1112 462 1177 “Homo
499 1115 609 1196 potest
646 1109 752 1174 facere
795 1105 917 1172 nedum
959 1105 1082 1171 bonum
1121 1105 1164 1173 de
1202 1127 1333 1193 genere,

273 1215 364 1281 “sed
392 1214 475 1279 bene
504 1211 680 1287 moraliter,
719 1213 755 1275 et
787 1212 899 1274 tamen
928 1227 1004 1273 cum
1035 1206 1097 1274 hoc
1123 1213 1159 1274 et
1193 1207 1231 1274 iu
1271 1209 1333 1276 hoc

273 1326 436 1402 “peccare
466 1313 648 1388 venialiter,
687 1316 727 1377 ut
764 1310 830 1376 ista
871 1329 947 1394 para
991 1308 1093 1376 habet
1139 1309 1250 1377 dicere
1293 1311 1330 1378 in

273 1427 291 1454 “
305 1416 461 1482 familiari
495 1415 652 1500 exemplo.
705 1411 796 1478 Nam
832 1409 984 1477 dominus
1021 1410 1149 1498 symon
1188 1412 1326 1501 Hyelep,

272 1529 291 1557 “
304 1518 563 1605 archiepiscopum
584 1513 824 1591 Oantuarensis,
847 1511 1002 1580 fundavit
1025 1535 1132 1581 unum
1153 1514 1328 1602 collegium

275 1630 293 1658 “
307 1620 344 1686 in
367 1620 500 1687 Oxonia
521 1620 595 1707 plus
615 1618 672 1705 pia
693 1616 885 1696 intentione,
900 1618 942 1680 ut
962 1614 1151 1683 evidentius
1171 1618 1326 1696 creditur,

275 1732 293 1761 “
308 1745 409 1810 quam
440 1724 482 1790 de
510 1720 704 1788 flrudatione
724 1718 943 1805 cujuscunque
963 1717 1109 1784 abbatiae
1128 1719 1166 1784 in
1191 1720 1324 1807 anglia

275 1834 293 1862 “
308 1831 343 1892 et
365 1824 532 1892 ordinavit
553 1822 642 1910 quod
664 1820 701 1886 in
719 1842 759 1888 ea
776 1820 839 1887 sub
860 1819 967 1886 forma
986 1819 1148 1887 laudabili
1168 1823 1326 1890 studeant

275 1936 292 1963 “
307 1928 352 1993 ad
391 1927 571 1994 utilitatem
604 1923 746 1991 ecclesiae
773 1922 848 2010 puri
876 1921 983 1989 clerici
1017 1923 1200 2003 seculares;
1237 1926 1325 2012 quod

274 2038 292 2065 “
307 2036 342 2095 et
361 2029 485 2096 factum
523 2033 579 2094 est.
625 2027 670 2092 Et
696 2031 777 2103 tum,
799 2025 869 2112 ipsc
891 2029 1031 2104 mortuo,
1053 2025 1233 2094 simoniace
1251 2049 1324 2095 cum

274 2140 291 2167 “
306 2130 500 2196 commentis
537 2127 700 2194 mendacii
736 2147 884 2196 eversum
921 2132 972 2194 est
1007 2132 1079 2194 tam
1116 2128 1166 2214 pii
1193 2129 1324 2217 patruni

273 2250 292 2279 ‘⁴
305 2243 517 2329 propositum,
545 2245 581 2307 et
608 2240 675 2305 illis
698 2239 841 2326 expulsis
862 2237 968 2326 pauci¹
993 2238 1060 2319 alii,
1087 2261 1157 2306 non
1182 2247 1321 2330 egentes,

275 2344 365 2409 “sed
409 2343 538 2409 divitiis
586 2340 764 2423 affluentes,
818 2347 931 2408 contra
979 2342 1146 2408 decretum
1190 2350 1319 2432 captum

275 2456 294 2483 “
308 2466 351 2511 ex
374 2445 470 2512 dictis
504 2446 541 2510 B.
566 2443 770 2530 Hieronymi,
799 2460 860 2509 xn.
883 2465 935 2531 qu
959 2445 991 2524 2,
1024 2443 1163 2511 ‘Gloria
1185 2447 1323 2535 episcopi

276 2556 293 2584 “
309 2554 380 2614 ‘cst
401 2569 580 2636 pauperum
595 2546 711 2634 opibus
730 2546 899 2633 providere
910 2569 919 2624 ;
940 2546 1124 2633 ignominia
1145 2550 1322 2616 sacerdotis

276 2659 293 2687 “
310 2656 380 2715 ‘est
394 2651 533 2737 pmpriis
549 2651 679 2715 studere
701 2646 844 2714 divitiis'
877 2648 922 2714 Et
944 2670 1017 2714 cum
1039 2654 1241 2735 praetextum
1262 2653 1320 2738 [rd

275 2758 293 2788 “
308 2752 486 2839 pretextu]
510 2752 598 2816 illius
626 2752 706 2816 facti
735 2750 909 2836 sophistici,
942 2751 1146 2838 ‘Episcopus
1169 2760 1205 2819 et
1227 2776 1320 2819 suum

275 2863 293 2891 “
311 2854 509 2939 ‘capitulum
531 2859 698 2917 suntuna
719 2874 863 2939 persona,
884 2873 984 2938 aqua
998 2875 1065 2918 non
1087 2853 1164 2919 licet
1180 2856 1320 2921 alienare

276 2967 292 2993 “
310 2957 417 3022 ‘bona
440 2956 527 3021 illius
550 2954 708 3033 ecclesiae‚'
729 2954 793 3021 ista
816 2976 953 3041 persona
967 2954 1115 3021 vindicat
1131 2956 1220 3023 bona
1234 2958 1321 3025 illius

275 3057 434 3143 “collegii
471 3058 682 3142 proprietatis
718 3056 886 3143 possidere
951 3055 1051 3123 Unde
1087 3059 1320 3131 consulendum

274 3159 439 3225 “videtur
454 3158 585 3224 domino
601 3157 845 3245 Wyntoniensi'
859 3164 898 3224 ut
912 3165 1028 3224 caveat
1049 3159 1134 3226 hano
1149 3161 1318 3228 cautelam

273 3261 413 3327 “Credo
442 3267 554 3326 autern
581 3262 669 3347 quod
693 3262 799 3328 dictus
823 3259 950 3348 symon
972 3262 1120 3349 peccavit
1150 3263 1318 3330 fundando

273 3371 291 3399 “
306 3363 430 3428 dictum
467 3363 646 3450 collegium,
678 3365 736 3429 sed
771 3385 838 3428 non
867 3369 999 3430 tantum
1028 3371 1194 3452 quantum
1223 3367 1318 3434 Anti·

271 3475 420 3552 “symon
443 3466 499 3550 qui
522 3466 628 3552 ipsum
651 3463 889 3532 dissolverat''⁸

315 3567 357 3632 In
380 3566 447 3632 this
469 3567 534 3634 last
567 3573 717 3635 sentence
739 3567 944 3655 Archbishop
967 3567 1055 3657 Islep
1078 3571 1106 3635 is
1136 3571 1261 3658 spoken
1285 3573 1320 3637 os

268 3693 304 3735 ss
331 3669 457 3756 having
478 3669 642 3758 iufringcd
663 3671 739 3737 that
762 3670 920 3758 principle
941 3670 979 3736 cl
1004 3671 1061 3738 the
1083 3673 1314 3740 unlavvfulness

267 3772 305 3837 of
331 3772 501 3860 perpetual
527 3773 774 3862 eleemosynary
795 3772 1034 3841 endovments⁴
1059 3774 1169 3842 which
1192 3777 1313 3843 formed

299 4077 306 4106 ¹
315 4075 771 4142 poucihanerrorzpromctiorscmc
814 4079 867 4143 ples
881 4077 976 4130 cathir
992 4079 1065 4143 point
1078 4093 1140 4146 may
1151 4079 1218 4132 have
1233 4082 1273 4133 led
1288 4089 1313 4130 to

264 4156 407 4220 equivalent
417 4155 548 4220 participle
559 4156 582 4207 is
592 4157 718 4222 required
813 4157 853 4209 hia
863 4156 1017 4222 mmor
1033 4157 1064 4208 of
1078 4157 1124 4209 the
1139 4159 1233 4210 Balliol
1248 4174 1311 4210 maa·

297 4234 772 4301 'Willmmol'Wykehambirhcpol
811 4236 913 4301 tership.
946 4235 1032 4287 While
1054 4236 1088 4289 hc
1104 4237 1272 4303 disapprorcd
1286 4238 1315 4288 ol

263 4312 431 4374 winchester,
442 4314 500 4364 who
510 4329 563 4364 vas
577 4315 638 4365 then
654 4317 768 4381 engaged
810 4315 852 4366 the
868 4315 997 4380 perpetual
1015 4317 1176 4369 cndovmcm
1191 4318 1222 4367 ol
1239 4319 1313 4368 benc·

262 4392 289 4441 in
299 4392 421 4457 foundlng
428 4394 471 4445 the
479 4401 530 4445 tvo
539 4393 576 4446 St.
583 4393 765 4460 Muyvvinton
809 4394 877 4454 ficet,
889 4394 920 4444 he
931 4394 1019 4459 placed
1030 4395 1100 4447 thece
1115 4411 1150 4447 on
1166 4412 1182 4447 a
1198 4397 1312 4449 differem

262 4470 385 4536 Collega.
808 4473 904 4538 footing
932 4473 997 4524 hcm
1027 4475 1220 4543 eleemosynary
1240 4477 1311 4527 souu-

294 4551 373 4602 'De
400 4551 522 4613 Ecclesia,
550 4567 605 4616 cap.
634 4557 672 4604 1⁵.
706 4551 762 4604 MS
806 4551 911 4604 datious.
935 4552 1313 4619 Hiacotempcruiesnvao

261 4628 348 4689 Deoia,
360 4632 487 4692 coccus.
501 4637 555 4692 180,
566 4632 602 4682 v⁰.
805 4632 990 4698 incomiotenoy
1000 4633 1165 4697 bavemsshi·
1181 4635 1313 4701 prmciplea

295 4709 338 4759 ‘It
358 4710 380 4760 is
397 4718 441 4762 not
459 4710 602 4777 impossible
620 4711 674 4764 that
690 4725 760 4763 scru-
802 4712 853 4762 end
863 4710 902 4764 his
913 4712 1161 4780 cmmofauving.
