3008 5490
554 708 734 761 rascrcunr
757 713 980 764 zrziuroauu
1223 704 1287 770 135

239 897 296 983 qui
315 918 349 962 se
369 900 404 962 et
427 916 522 961 suam
544 896 741 961 sententiam
762 896 894 982 praefert
917 897 1066 964 omnibus
1088 899 1208 965 sanctis
1229 922 1288 988 pa·

238 1000 346 1073 tribus,
370 997 431 1083 qui
453 998 491 1061 in
512 1002 608 1062 tanto
630 1003 776 1084 tempore
798 998 1001 1065 florucnmtl

280 1099 371 1163 Infra
408 1115 572 1164 cocum
601 1120 710 1175 annos,
741 1104 780 1165 ut
810 1100 923 1165 dicunt
953 1100 1119 1180 chronicae,
1150 1103 1284 1170 bierunt

237 1200 272 1263 B.
287 1200 471 1274 Anselmus,
491 1199 526 1262 B.
551 1199 743 1276 Bernardus,
771 1201 928 1267 Ricardus
944 1203 984 1267 de
1000 1201 1120 1269 Sancto
1142 1203 1281 1283 Victore,

236 1299 333 1387 Hugo
356 1300 398 1365 de
413 1300 537 1365 Sancto
553 1299 690 1377 Victore,
715 1301 873 1386 Magister
893 1302 1110 1381 historiarum,
1128 1304 1284 1391 Magister

233 1403 480 1478 sententiarum,
496 1406 531 1466 et
551 1401 649 1466 multi
671 1402 735 1478 alii,
753 1403 811 1487 qui
827 1402 927 1467 sicut¹
944 1408 1038 1470 erant
1052 1405 1130 1469 olari
1152 1406 1189 1469 in
1201 1406 1282 1485 vita,

233 1502 284 1566 ita
305 1500 437 1567 merant
450 1502 488 1566 in
502 1502 655 1567 doctrina
703 1502 796 1567 Infra
829 1502 890 1567 hoc
916 1508 1044 1590 tempus
1066 1505 1177 1570 floruit
1208 1506 1284 1571 Lin-

233 1603 418 1681 colniensis,
444 1602 533 1688 cujus
554 1604 754 1689 comparatio
770 1605 813 1668 ad
828 1625 938 1668 omnes
953 1605 1099 1670 doctores
1113 1608 1284 1672 modernos

233 1710 288 1767 est
311 1703 403 1768 velut
424 1703 617 1790 comparatio
639 1704 716 1769 solis
742 1705 785 1769 ad
810 1705 922 1769 lunam
947 1706 1078 1791 quando
1104 1706 1283 1791 eclipsatur.

233 1804 390 1890 Fclipsim
418 1806 592 1892 patiuntur
626 1805 726 1890 hujus
765 1806 921 1871 doctrinae
953 1807 1057 1882 duces,
1097 1811 1132 1871 et
1161 1808 1284 1872 bonum

231 1905 348 1971 fuisset
368 1907 415 1971 eis
429 1908 519 1992 quod
539 1907 678 1971 fuissem
700 1906 786 1992 passi
800 1907 972 1971 interitum
986 1912 1064 1972 ante
1080 1911 1196 1984 ortum,
1219 1907 1284 1973 nisi

230 2007 364 2072 celerius
385 2008 584 2093 resipiscant
630 2008 682 2071 De
713 2007 863 2072 omnibus
893 2008 1074 2094 postrem0⁹
1096 2008 1282 2075 doctoribus

229 2108 432 2183 acutissimis,
454 2114 525 2173 tam
544 2106 741 2173 secularibus
756 2130 854 2194 quam
868 2109 1077 2195 regularibus,
1093 2111 1129 2174 in
1144 2110 1281 2176 materia

229 2224 297 2274 sure
311 2209 443 2275 haerens
458 2209 541 2273 nihil
555 2207 670 2274 curat?
715 2208 852 2275 Oaecitas
874 2231 1013 2296 namque
1035 2212 1133 2277 nimis
1150 2233 1277 2298 magna,

230 2315 265 2374 et
289 2316 329 2375 ut
352 2310 466 2375 multis
489 2311 622 2375 videtur
644 2309 728 2375 ultio
752 2311 851 2397 digna
877 2310 948 2388 Dei
973 2317 1012 2377 ut
1038 2313 1156 2399 aliquis
1180 2313 1279 2379 homo

230 2411 386 2488 mortalis,
411 2411 469 2497 qui
495 2412 592 2476 modo
608 2403 680 2488 est,
708 2411 750 2475 ad
782 2416 913 2476 tantum
938 2414 1084 2499 desipiat,
1115 2419 1155 2478 ut
1184 2435 1219 2478 ae
1245 2419 1279 2477 et

229 2532 324 2576 snam
349 2512 546 2576 sententiam
569 2514 622 2576 tot
644 2511 764 2576 saumis
786 2513 934 2597 patribus
957 2519 1142 2599 anteponat

275 2594 489 2699 Quapropter,
513 2618 572 2676 aut
600 2613 661 2676 fiat
692 2612 824 2697 aliquod
847 2620 1076 2699 argumentum
1102 2613 1169 2677 tale
1191 2612 1280 2697 quod
1294 2622 1379 2674 Three

228 2713 265 2777 in
300 2714 373 2778 istis
414 2714 599 2778 doctoribus
633 2735 701 2778 non
737 2712 907 2778 invenitur
941 2719 975 2778 et
1011 2714 1158 2788 solvitur,
1192 2688 1378 2804 quod¹'‘{;1·¹‡¹f,³

228 2813 331 2879 etiam
366 2814 540 2879 dissolvere
577 2818 742 2899 nequeant
779 2815 878 2879 ceteri
915 2814 1035 2890 fideles,
1071 2812 1181 2898 quod⁴
1218 2813 1325 2877 fre-u
1293 2819 1446 2884 oughttobe

227 2917 402 3001 quenter'
391 2938 428 2979 111
454 2914 570 2980 scholis
592 2915 719 3000 publice
748 2916 890 3000 petitum
928 2919 1069 2991 estant
1107 2935 1181 2979 cum
1218 2887 1421 3015 h⁰⁰⁰n1eogeowas

228 3018 384 3092 nesciant,
426 3038 486 3080 nec
522 3017 654 3101 possint,
691 3037 751 3079 nec
784 3017 901 3101 aliquis
937 3016 1103 3092 mortalis3
1142 3016 1278 3078 redeant
1292 3023 1318 3064 to
1334 3016 1384 3065 this

227 3119 271 3181 ad
291 3116 453 3203 gremium
483 3139 550 3182 suae
575 3117 688 3180 matris
716 3117 854 3181 ecclesiae
885 3117 1054 3180 humiliter
1080 3116 1277 3201 deplorando
1291 3089 1437 3133 mmm

226 3219 316 3303 quod
339 3219 489 3303 nequiter
503 3218 730 3283 commiserant
752 3218 926 3293 delirando,
952 3216 1184 3303 redivivaque⁵
1198 3235 1277 3281 voce

225 3320 447 3384 confiteantur
472 3341 546 3382 cnm
561 3319 638 3382 filiis
663 3323 783 3383 sanctae
808 3319 923 3383 matris
948 3318 1094 3384 eccleaiae.
1143 3323 1182 3383 1⁰.
1208 3318 1278 3381 Pri-

224 3421 328 3484 mitus
352 3420 432 3504 quid
470 3426 520 3483 est
546 3419 746 3483 eucharistia
794 3425 835 3482 2⁰.
860 3420 1008 3485 Secundo
1029 3421 1108 3506 quid
1133 3442 1200 3486 non
1227 3425 1276 3484 est

225 3521 430 3593 eucharistia,
458 3528 590 3605 propter
615 3540 737 3584 errores
764 3521 821 3605 qui
850 3521 946 3585 hodie
977 3523 1187 3586 ventilantur.
1235 3525 1276 3585 3⁰.

225 3623 337 3686 Tertio
373 3622 491 3705 quibus
515 3622 700 3685 nominibus
721 3622 880 3706 quibusve
901 3623 1010 3686 verbis
1034 3645 1089 3687 seu
1114 3622 1276 3685 adverbiis

224 3725 333 3786 utitur
360 3722 499 3797 ecclesia,
524 3729 661 3786 utantur
683 3723 765 3808 ipsi;
789 3728 828 3786 ut
853 3724 1030 3798 unanimes,
1055 3745 1121 3786 non
1145 3722 1276 3807 equivo-

224 3826 336 3899 eando,
366 3847 432 3886 uno
460 3846 521 3898 ore,
561 3846 627 3887 non
659 3825 915 3900 contradicendo,
946 3824 1054 3888 Deum
1088 3824 1277 3888 honorifice·

225 3947 305 3993 inus,
330 3926 416 3987 sicut
440 3926 534 3987 unica
558 3926 629 3998 fide,
654 3925 701 3987 ita
723 3926 820 3989 unica
845 3925 1042 3989 confessione
1065 3922 1231 3989 contenti⁰
