3008 5490
557 745 737 799 ruscrcum
759 748 981 799 zmiruonms
1228 737 1292 801 169

243 933 279 996 in
303 932 416 1017 figura
463 929 519 995 Ad
549 928 650 1014 quid¹
686 931 786 995 etiam
812 932 933 996 diceret
957 930 1181 1018 Augustinus⁹
1204 935 1293 1016 quod

240 1054 410 1118 nunquam
447 1031 596 1116 portavit
633 1052 667 1095 se
704 1030 800 1096 homo
842 1033 993 1098 manibus
1037 1035 1182 1120 propriis,
1228 1036 1293 1099 nisi

241 1134 392 1201 Christus
422 1134 459 1197 in
489 1153 603 1210 coena3
633 1155 707 1197 cum
737 1133 897 1218 quilibet³
926 1136 1072 1200 sacerdos
1097 1135 1207 1220 justus
1240 1137 1292 1201 sui

238 1236 340 1321 ipsius
372 1235 515 1320 figuram
548 1239 665 1319 portet,
698 1236 825 1318 quoties
852 1236 994 1301 celebrat
1020 1238 1152 1302 missam
1176 1260 1292 1316 suam3

239 1337 368 1402 dicente
384 1336 532 1422 apostolo
543 1359 551 1414 ;
580 1335 681 1400 Uetus
698 1334 832 1420 ponmf
855 1343 1017 1422 etcertum
1039 1360 1169 1424 empus,
1185 1337 1293 1404 multi

238 1435 389 1503 eamus?
433 1436 479 1501 Et
515 1436 595 1501 alibi
626 1436 761 1523 loquens
791 1437 996 1522 Augustinus
1027 1440 1067 1503 de
1092 1444 1294 1505 sacramento

241 1536 384 1615 niteris,⁶
407 1537 492 1615 dicit,
528 1537 676 1602 “Estote
707 1538 795 1622 quod
823 1539 951 1615 videtis,
984 1545 1018 1603 et
1048 1542 1182 1627 aecipite
1205 1542 1293 1626 quod

243 1640 328 1704 estis
342 1637 371 1702 :’'
394 1638 530 1703 secunda
557 1645 652 1724 purte
685 1661 878 1715 sermonum,
918 1662 1064 1706 sermone
1102 1639 1165 1706 31.7
1222 1641 1293 1706 Ubi

244 1739 394 1806 ostendit
408 1738 607 1825 Augustinus
622 1741 711 1825 quod
726 1741 865 1824 quih'bet
887 1742 1033 1806 sacerdos
1054 1742 1165 1827 justus
1186 1747 1295 1828 potest

242 1863 280 1907 se
302 1840 478 1906 secundnm
503 1841 643 1928 figuram
666 1847 804 1927 portare,
831 1849 865 1907 et
890 1849 1001 1928 portat
1023 1865 1108 1930 saepe
1130 1845 1167 1908 in
1190 1865 1294 1909 sacra

241 1949 356 2008 mento
393 1942 506 2007 altaris
518 1965 526 2019 ;
563 1948 598 2007 et
635 1949 746 2007 tamen
786 1944 848 2009 hoo
886 1944 966 2009 dicit
1007 1946 1095 2030 quod
1133 1967 1229 2011 nemo
1259 1966 1293 2010 se

239 2045 395 2109 manibus
414 2044 553 2129 propriis
567 2065 714 2129 unquam
729 2050 846 2130 portat.

284 2146 374 2210 Aliis
404 2146 537 2230 quidem
573 2146 682 2211 verbis
716 2148 822 2211 utitur
852 2148 991 2227 ecclesia,
1021 2154 1060 2214 ut
1089 2149 1168 2228 fieri,
1200 2147 1290 2228 effici,
1307 2154 1413 2233 Other·

241 2249 344 2314 cneori
364 2269 407 2312 ex
430 2269 522 2333 pane,
539 2253 574 2312 et
596 2247 815 2325 consecrari3⁸
837 2255 871 2313 et
894 2248 954 2315 hoo
976 2272 1017 2314 ex
1040 2257 1133 2336 parte
1151 2252 1292 2338 corporis
1304 2235 1461 2338 afflig}

243 2349 392 2430 Christi3
436 2354 475 2413 ut
516 2354 610 2434 patet
653 2350 704 2414 De
745 2348 1001 2428 Consecrstione,
1046 2353 1118 2417 dist.
1155 2357 1185 2430 2,
1224 2374 1291 2437 cap.
1305 2355 1426 2431 pheuma

248 2450 379 2517 Utrrun
393 2449 457 2515 cub
471 2449 604 2535 figura.
1305 2422 1429 2550 fflffioe

287 2552 361 2617 Nec
384 2553 450 2616 ista
466 2553 608 2616 mutatio
631 2573 730 2636 quam
754 2558 873 2617 sonant
887 2554 960 2616 istae
983 2554 1125 2618 actiones
1154 2553 1293 2632 factivae,
1306 2552 1387 2601 made.

242 2658 293 2720 est
337 2653 514 2738 quaerenda
542 2654 579 2718 in
613 2654 752 2718 termino
790 2654 833 2716 ad
872 2675 968 2737 quem
1006 2652 1122 2718 istius⁰
1163 2675 1295 2718 conver-

242 2755 354 2833 sionis,
392 2755 545 2819 videlicet
581 2755 617 2818 in
654 2776 784 2839 corpore
824 2754 954 2829 Christi,
995 2755 1074 2838 quia
1110 2752 1194 2816 illud
1230 2776 1296 2818 non

241 2855 391 2940 subjacet
409 2856 471 2920 tali
493 2857 678 2931 mutationi,
695 2856 753 2919 sed
772 2857 807 2918 in
828 2856 968 2919 termino
983 2876 1004 2917 a
1018 2877 1090 2939 quo,
1108 2855 1260 2920 videlicet
1273 2853 1298 2891 ¹⁰

244 2959 282 3022 in
302 2979 393 3043 pane.
441 2956 514 3021 Hoc
537 2957 623 3021 enim
646 2957 844 3042 praecipuum
868 2965 902 3021 et
924 2955 1088 3041 singulare
1106 2948 1298 3021 miraculum

243 3065 302 3135 est,
343 3060 520 3123 secundum
565 3064 701 3134 sanctos
736 3064 774 3121 ut
812 3059 905 3142 panis
942 3059 978 3120 in
1015 3080 1128 3142 corpus
1167 3058 1298 3137 Cluisti,

243 3163 316 3226 sine
347 3162 448 3245 ipsius
486 3162 625 3244 eorporis
663 3161 854 3233 mutatione,
887 3159 1018 3222 realiter
1052 3165 1297 3224 transmutetur.

245 3262 348 3327 Unde
386 3262 599 3347 Augustinus,
643 3262 677 3323 in
725 3261 867 3345 capitulo
916 3260 1132 3345 praeallegato,
1176 3270 1193 3296 “
1206 3261 1299 3325 Sicut

244 3372 264 3398 ‘⁴
280 3364 369 3427 filius
390 3364 426 3426 in
446 3363 567 3425 divinis
590 3363 780 3446 producitur
802 3384 842 3424 ex
860 3361 1001 3446 Virgine,
1026 3363 1095 3427 sine
1117 3364 1169 3426 sui
1190 3368 1298 3427 muta-

245 3473 263 3500 “
280 3467 381 3539 tione,
398 3463 476 3539 ita‚’'
499 3465 615 3547 inquit,
634 3473 652 3496 “
665 3486 778 3548 corpus
795 3463 917 3528 Christi
932 3465 1155 3548 potentialiter
1170 3471 1298 3529 creatur
1388 3444 1396 3462 ⁶

244 3575 324 3630 “ex
339 3562 485 3650 paue.''¹¹
534 3565 579 3628 Et
602 3571 693 3648 patet
716 3566 803 3649 quod
827 3567 936 3628 omnia
958 3567 1023 3629 ista
1043 3567 1221 3630 extrinsece
1245 3566 1299 3629 de-

223 3667 421 3763 ·nominant
444 3688 560 3750 corpus
584 3666 714 3729 Christi

282 4013 289 4042 ¹
302 4010 375 4073 quid]
390 4025 470 4073 quem,
483 4009 517 4056 A.
833 4006 1001 4068 ⁸consecrari]
1016 4005 1117 4066 sacrari,
1127 4007 1157 4054 B.

281 4088 468 4152 ²Au9ustinua]
483 4101 531 4134 om.
545 4085 579 4143 A,
591 4084 621 4134 C.
833 4085 843 4110 ⁹
855 4083 938 4145 istius]
952 4083 1026 4142 illins,
1041 4086 1068 4131 C.

282 4170 292 4197 ³
304 4166 418 4230 quilibet]
433 4166 530 4228 quibus,
542 4164 576 4212 A.
835 4158 984 4223 ¹⁰v1'delicer]
999 4161 1073 4217 videt,
1086 4160 1118 4211 Α.

284 4250 292 4276 ⁴
301 4245 392 4309 porris]
407 4259 456 4292 om.
470 4244 500 4290 B.
835 4240 849 4267 ¹¹
864 4240 970 4301 August
993 4239 1020 4286 in
1040 4253 1126 4298 canon,
1151 4237 1236 4289 Uti-rim
1255 4240 1299 4288 sub

283 4324 398 4386 ⁵mmua]
430 4336 515 4369 snmus
544 4318 569 4367 in
589 4319 697 4376 Christ0,
728 4317 755 4366 C.
793 4318 885 4380 figura.
921 4318 983 4367 “Ut
1003 4316 1066 4366 sicut
1083 4319 1114 4367 de
1130 4318 1238 4381 Virgine
1256 4333 1300 4381 per

249 4407 260 4450 l
277 4401 334 4451 Cor.
347 4418 372 4449 x.
391 4406 428 4449 17.
801 4402 815 4422 ‘⁴
827 4396 948 4458 Spiritum
968 4397 1087 4446 Sanctum
1098 4411 1158 4445 vers
1169 4412 1227 4444 caro
1247 4396 1300 4445 sine

281 4478 404 4543 ‘alturiq
419 4478 503 4526 altaris
519 4475 627 4536 Domini,
638 4476 672 4523 A.
802 4479 817 4501 “
828 4476 894 4523 coitu
906 4484 1003 4524 crentur
1017 4496 1023 4533 ;
1041 4475 1076 4523 ita
1087 4490 1131 4537 per
1141 4476 1255 4531 eundem,
1268 4490 1300 4524 ex

282 4558 385 4610 'Sem
405 4562 462 4607 272.
494 4558 633 4618 0pp.t.v.,
645 4570 669 4617 p.
684 4558 756 4610 1104,
802 4555 964 4602 “substantia
984 4555 1054 4616 panis
1074 4560 1098 4601 et
1117 4553 1177 4608 vini,
1197 4552 1301 4615 mystice

248 4650 275 4687 ι.
801 4638 815 4660 “
827 4631 892 4681 idem
903 4647 993 4695 corpus
1010 4631 1105 4683 Christi
1115 4629 1294 4680 consecretur.”
