3008 5490
205 699 269 763 194
509 709 692 761 resecuit
712 707 940 757 amurcam

34 917 148 967 nuche
218 927 224 939 ·
250 894 421 974 Quomodo
447 914 526 979 rogo
550 890 701 977 planius¹
734 896 844 978 posset
873 889 1064 976 exprimere
1094 889 1244 954 intentur
1294 910 1296 929 ¹

37 983 162 1099 35¹¹&
205 998 329 1060 suum?
389 995 442 1057 Ex
479 994 599 1078 quibus
636 1015 786 1080 expresse
823 997 918 1078 petet
955 991 1049 1076 quod
1087 991 1164 1056 licet
1200 988 1248 1053 eli·

35 1056 165 1164 millii?
205 1097 336 1181 quando
365 1096 426 1160 hoo
448 1095 585 1160 verbum
616 1102 667 1160 est
696 1093 809 1181 large⁹
832 1100 867 1159 et
896 1093 1045 1158 multum
1075 1091 1246 1178 improprie,

37 1180 176 1295 ξξζξξά
205 1198 383 1283 accipiatur
397 1219 456 1282 pro
476 1197 658 1282 significare
676 1198 713 1262 in
728 1196 825 1261 dictis
847 1196 1044 1272 doctornm3
1066 1199 1109 1260 ut
1123 1187 1250 1259 dimin?

35 1310 117 1360 litera
205 1300 306 1385 panis,
338 1300 392 1364 vel
421 1298 562 1363 visibilis
591 1299 712 1384 species
735 1297 837 1384 panis,
869 1303 921 1362 est
959 1295 1101 1383 corpus⁴
1130 1291 1248 1369 Christi

36 1390 115 1426 ἘΜ
205 1399 258 1463 id³
287 1407 337 1466 eet
375 1401 538 1487 significat
577 1396 711 1486 corpus⁶
751 1399 885 1475 Christi,
919 1420 989 1464 non
1022 1395 1157 1462 temen¹
1187 1414 1249 1461 erm

204 1502 327 1567 veritae
357 1502 454 1568 debet
484 1502 661 1587 explanari,
698 1506 733 1565 et
769 1500 919 1585 proprius
957 1499 1081 1565 modus
1110 1494 1250 1584 loquendi

205 1602 341 1682 haberi,8
376 1604 474 1669 debet
512 1603 576 1667 dici
609 1602 699 1687 quod
731 1602 808 1667 talis
838 1602 933 1687 penis
955 1623 1037 1666 vere
1068 1608 1105 1666 et
1134 1598 1250 1665 redita

206 1711 256 1769 est
285 1728 400 1792 corpus
424 1705 554 1771 Christi.
600 1703 700 1769 Unde
729 1703 938 1789 Augustinus
969 1703 1063 1780 dicit,
1090 1712 1187 1768 “nou
1212 1698 1251 1765 rei

208 1816 225 1841 “
239 1809 381 1871 veritate
403 1808 462 1871 aed
484 1805 689 1892 significandi
711 1803 900 1887 mysterio,'’
922 1805 1004 1888 quia
1026 1804 1129 1870 aliter
1157 1804 1251 1890 pomi

205 1930 226 1970 a
247 1906 341 1990 pari⁹
363 1908 469 1972 dicere
487 1914 521 1971 et
544 1906 658 1971 docere
680 1906 768 1991 quod
794 1928 854 1991 ego
873 1928 948 1970 sum
970 1927 1054 1971 vere
1076 1911 1114 1972 et
1134 1905 1252 1971 realiter

206 2007 316 2085 Deus;
344 2013 378 2072 et
408 2009 453 2071 sic
484 2007 524 2070 de
553 2029 745 2091 quacunque
775 2007 914 2072 minime
949 2004 1160 2088 creatura3¹⁰
1188 2026 1252 2071 cum

204 2106 360 2188 quaelihet
386 2112 535 2171 creatura
565 2108 726 2191 significet
738 2107 760 2144 ¹¹
794 2107 912 2184 Deum,
944 2114 980 2173 et
1015 2110 1054 2173 in
1086 2102 1252 2195 qualibelss

204 2211 352 2270 creatura
374 2207 497 2271 relucet
519 2208 695 2292 vestigium
718 2209 913 2287 Trinitatis;
936 2210 1016 2274 lieet
1040 2210 1128 2276 forte
1145 2210 1186 2275 de
1203 2207 1252 2272 illo

204 2327 287 2392 pane
316 2315 424 2392 posset
455 2309 519 2372 dici
549 2309 767 2394 principalius,
799 2311 877 2394 quia
905 2311 991 2375 illud
1023 2316 1252 2376 sacrementum

204 2407 401 2493 significat¹³
431 2410 600 2496 specialius
629 2432 744 2496 corpus
787 2411 912 2476 Christi
952 2418 989 2477 et
1033 2413 1152 2478 Deum.
1193 2408 1254 2475 Sed

204 2509 287 2574 illud
316 2533 384 2576 non
413 2512 558 2576 excludit
587 2512 667 2595 quin
696 2534 773 2576 vere
804 2512 967 2577 diceretur
997 2514 1041 2578 de
1071 2531 1254 2599 quacunque

205 2612 388 2691 creetura‚¹⁴
418 2619 451 2679 et
483 2614 544 2678 hoc
575 2614 702 2698 proprie
734 2614 905 2696 loquendo,
937 2615 1124 2679 seeundum
1162 2616 1253 2679 icum

205 2715 378 2793 doctorem,
410 2715 499 2801 quod
535 2714 593 2778 illa
629 2720 678 2778 est
707 2736 784 2778 vere
815 2719 849 2778 et
878 2715 1014 2779 realiter
1053 2716 1154 2793 Deus,
1185 2714 1254 2800 quia

205 2817 381 2881 secrmdum
408 2819 515 2903 ipsum
541 2817 650 2879 anima
677 2810 762 2878 est¹⁶
786 2815 998 2900 principalius
1030 2818 1105 2903 ipso
1131 2834 1253 2903 corpore

204 2939 341 3001 persona
378 2919 486 2993 Verbi,
526 2923 560 2981 et
597 2922 708 2981 tamen
745 2916 828 2979 illud
865 2937 982 3001 corpus
1022 2925 1075 2984 est
1114 2940 1190 2984 vere
1223 2918 1251 2980 et

204 3018 365 3081 realiter¹⁰
389 3043 524 3105 persona
548 3019 611 3082 illa

250 3119 477 3197 Consimiliter,
510 3129 548 3184 ut
578 3121 716 3190 ridetur,
750 3118 825 3179 licet
855 3128 1102 3185 sacramentum
1133 3119 1251 3185 visibile

204 3220 365 3308 significet
391 3222 558 3303 specialius
582 3220 759 3284 Dominum
767 3215 789 3252 ¹⁷
812 3217 865 3279 vel
890 3240 1005 3302 eorpus
1030 3245 1138 3298 suum,
1163 3241 1251 3305 quam

205 3323 293 3377 certa
323 3326 469 3378 creatura
499 3322 628 3402 signata
640 3345 648 3396 3
682 3327 793 3381 tamen
824 3319 851 3379 oi
882 3339 923 3380 ex
951 3319 1013 3382 hoc
1041 3324 1132 3403 quod
1163 3320 1250 3406 signi-

205 3414 282 3473 ficat
313 3414 461 3495 corpus‚¹¹
495 3418 576 3479 illud
615 3419 711 3481 debet
749 3420 877 3501 proprie
916 3420 1084 3501 loquendo
1124 3424 1187 3485 dici
1222 3426 1250 3481 et

240 3789 246 3817 ¹
256 3784 456 3850 planiusposset]
469 3796 549 3849 posset
558 3789 662 3849 planius,
671 3793 703 3840 D.
784 3795 803 3821 ¹⁰
813 3797 940 3860 oratura]
960 3808 1053 3858 creata,
1065 3802 1100 3860 D,
1112 3803 1142 3851 Ε.

238 3861 337 3926 ²[cryc]
357 3877 405 3912 om.
417 3865 450 3912 D.
785 3871 799 3898 ¹¹
813 3888 865 3920 cum
877 3901 909 3909 —
921 3877 1055 3943 siyaficct]
1088 3896 1147 3929 cum
1168 3879 1250 3944 quibua

238 3941 368 4004 Μέσσην]
383 3941 481 4000 dieitur,
494 3942 527 3990 D.
750 3963 824 3997 causa
835 3951 965 4013 siguificat,
979 3956 1011 4013 D,
1024 3956 1054 4005 E.

239 4019 358 4083 ¹corpas]
372 4021 450 4082 twice,
462 4022 496 4072 A.
785 4028 802 4055 ¹²
815 4029 839 4074 in
869 4031 986 4096 qualibet]
1013 4034 1042 4083 ni
1064 4037 1142 4099 queli,
1164 4038 1190 4086 D
1202 4057 1210 4096 5
1228 4034 1251 4083 in

750 4105 824 4164 quali,
837 4106 865 4155 E.

237 4177 287 4225 ‘eir
295 4193 318 4223 m
339 4192 368 4223 ca
386 4179 485 4243 corpas]
497 4173 614 4242 signath
628 4195 634 4234 ;
653 4177 702 4239 sig·
784 4182 801 4208 ¹³
812 4185 948 4250 rr'quificot]
963 4188 1047 4252 signat
1057 4207 1158 4256 corpus,
1169 4193 1202 4251 D,
1213 4191 1240 4240 Fa

784 4259 800 4285 ¹⁴
812 4265 938 4327 creatura]
959 4281 1041 4327 causa
1053 4269 1088 4319 D.

239 4333 350 4397 amm]
370 4339 422 4381 tum
441 4334 473 4382 D,
783 4334 859 4398 15επ]
879 4352 927 4386 om.
940 4341 972 4389 D.

239 4411 356 4476 'tabcrq
375 4368 514 4467 hahiercurt,
525 4408 558 4458 D.
784 4410 800 4437 ¹⁶
841 4417 1027 4483 eur—realiter]
1042 4437 1091 4472 om.
1104 4424 1138 4473 A.

224 4492 248 4558 'a
259 4490 330 4540 aliter
341 4495 422 4555 posset
431 4504 447 4536 α
454 4489 528 4552 puri]
542 4493 623 4550 posset
632 4485 703 4534 aliter
783 4487 799 4514 ¹⁷
811 4487 953 4557 Damnum]
968 4496 1060 4559 Deum,
1074 4501 1108 4560 D,
1122 4502 1152 4551 E.

205 4580 297 4635 aperte,
309 4571 342 4620 Δ.
783 4563 800 4592 ““
811 4575 1015 4639 quam-corpus]
1030 4591 1079 4627 om.
1093 4579 1126 4629 D.
