3158 5490
256 688 322 751 354
569 696 750 748 alsclcum
772 696 998 750 ZIZAMORUM.

258 890 392 955 fratrem
424 886 606 952 Heuricum
631 885 826 953 monachum
844 886 997 952 fundasse
1021 888 1163 974 pariter,
1181 895 1218 954 et
1246 910 1311 976 pro·

258 991 349 1055 hassa
391 994 515 1075 septem
553 987 706 1053 articulos
746 988 894 1074 superius
941 990 1101 1074 primitus
1145 992 1313 1067 recitatoe;

259 1113 398 1177 quorum
432 1090 557 1176 primus
587 1090 632 1154 sic
668 1090 791 1177 incipit,
824 1090 923 1172 Quod
954 1091 1103 1176 confessi
1130 1090 1311 1177 fruti-idua

258 1190 445 1267 mortariis,
467 1198 529 1256 out
554 1190 740 1267 cononicis,
757 1198 821 1266 cle,
837 1214 895 1278 per
908 1193 1017 1278 ipsum
1032 1192 1179 1259 fratrem
1202 1194 1314 1261 Hemi-

258 1317 333 1361 oum
374 1295 409 1359 in
441 1299 554 1358 nostra
588 1294 718 1359 dioecesi
752 1316 790 1358 ac
820 1294 900 1358 alibi
933 1294 968 1358 in
1002 1316 1158 1362 sermone
1191 1296 1313 1383 publico

260 1397 460 1485 praedicatos,
482 1396 569 1460 acin
585 1396 714 1461 tenellis
737 1395 942 1461 dominorum
957 1402 992 1461 et
1006 1396 1090 1462 locis
1104 1398 1183 1465 aliis
1205 1398 1313 1486 probo

260 1522 333 1564 rum
354 1498 498 1564 virorum
522 1497 609 1561 infra
626 1503 772 1562 nostram
791 1497 956 1564 dioecoeim
970 1497 1170 1583 praedictam
1186 1506 1223 1567 et
1241 1498 1312 1565 alibi

262 1624 320 1689 per
359 1601 498 1666 eundem
538 1621 645 1665 coram
683 1599 775 1664 laicis
822 1598 1084 1686 dogmatizatos3
1129 1602 1221 1667 sicut
1262 1622 1314 1689 per

260 1703 504 1790 inquisitionem
535 1707 569 1765 et
603 1706 703 1766 testes
734 1701 799 1765 fide
830 1701 946 1787 dignos
977 1701 1012 1764 in
1047 1724 1091 1766 ea
1120 1710 1220 1788 parte
1248 1724 1313 1791 pro

261 1807 376 1872 ductos
414 1825 521 1869 coram
560 1803 655 1867 nobis
685 1803 830 1889 legitime
868 1802 999 1867 finitam
1028 1810 1064 1869 et
1096 1804 1258 1885 habitam,
1279 1826 1312 1869 ac

261 1910 326 1973 alia
372 1907 566 1974 documento
605 1905 753 1992 legitima
798 1926 904 1970 coram
949 1904 1044 1970 nobis
1081 1906 1119 1970 in
1149 1928 1191 1972 ea
1226 1912 1312 1995 parte

261 2015 397 2084 ostensa,
429 2011 543 2074 contra
573 2029 647 2094 quae
678 2006 761 2070 nihil
784 2006 974 2072 canonicum
1000 2027 1058 2095 per
1082 2016 1217 2093 partem
1239 2008 1311 2073 dici

259 2111 370 2176 fratris
406 2109 542 2174 Henrici
574 2130 681 2173 coram
715 2108 810 2173 nobis
841 2109 957 2172 extitit
987 2111 1205 2194 propositum,
1240 2110 1310 2175 alle·

259 2219 381 2298 gotum,
410 2233 466 2276 seu
497 2211 680 2297 probatum,
717 2210 887 2275 evidenter
916 2210 1123 2276 invenimus:
1154 2217 1308 2298 tanquam

260 2338 281 2378 a
310 2314 374 2380 fide
405 2313 563 2379 catholica
596 2313 716 2392 devios,
748 2318 782 2376 et
812 2312 1077 2377 determinationi
1101 2322 1308 2379 mcrosaaetae

262 2416 419 2481 Romanae
460 2415 599 2480 ecclesiae
636 2414 834 2492 contrarios3
875 2436 912 2479 ac
954 2415 1054 2479 etiam
1095 2416 1184 2481 cinca
1211 2436 1308 2481 sacra·

260 2525 408 2584 mentum
448 2516 652 2604 poenitentiae
691 2514 885 2601 periculosos
924 2521 958 2581 ct
999 2516 1207 2583 damnabiles
1239 2538 1307 2584 con-

260 2622 404 2686 tinentes
442 2640 582 2684 errores:
626 2617 817 2682 damnamus
851 2623 886 2682 et
921 2618 1093 2683 damnatos
1137 2641 1207 2685 csse
1242 2642 1307 2707 pro·

261 2724 452 2788 nuntiamus
482 2726 516 2787 et
548 2719 755 2799 declaramus,
786 2718 1026 2785 sententialiter
1056 2728 1090 2787 ct
1127 2720 1306 2797 diffinitive,

261 2826 296 2889 in
318 2825 369 2889 his
392 2824 526 2910 scriptia

307 2926 470 2993 Octavum
492 2946 569 2990 vero
589 2925 763 2990 articulum
787 2946 845 3011 per
867 2925 1039 3012 praefatum
1062 2925 1202 2992 fratrem
1224 2926 1308 2992 Hen-

262 3029 366 3094 ricum
398 3028 540 3114 Crumpe
569 3026 762 3092 monachum
799 3027 929 3113 publice
959 3025 1187 3114 praedicatum,
1217 3050 1307 3115 quem

261 3154 377 3198 verum
400 3152 467 3195 esse
491 3130 637 3205 asseruit,
661 3131 718 3216 qui
749 3136 798 3195 est
824 3130 894 3207 iste,
924 3130 1011 3215 quod
1041 3152 1161 3217 corpus
1192 3131 1309 3199 Christi

262 3236 298 3297 in
325 3236 525 3298 sacramento
552 3230 666 3297 altoris
700 3236 750 3296 est
786 3231 890 3295 solum
932 3230 1099 3317 speculum
1129 3234 1177 3299 nd
1202 3254 1309 3321 corpus

264 3334 388 3400 Christi
424 3334 460 3398 in
489 3333 580 3412 coelo,
619 3338 776 3418 tanquam
808 3332 1007 3398 contrarium
1037 3334 1116 3399 fidei
1148 3335 1309 3402 catholioe

262 3443 296 3501 ct
335 3435 469 3501 veritati
505 3434 698 3499 sacramenti
738 3435 878 3521 corporis
915 3434 1052 3499 Domini
1089 3437 1199 3502 nostri
1235 3438 1309 3503 Jesu

263 3537 395 3615 Christi,
427 3558 464 3601 arc
494 3536 666 3600 manifeste
689 3536 902 3614 haereticum
925 3536 1025 3601 etiam
1049 3536 1257 3615 damnamm
1279 3546 1309 3602 et

263 3640 453 3703 damnatum
496 3660 564 3703 esse
603 3639 852 3723 pronuntiamus
897 3643 932 3702 et
976 3638 1191 3717 declaramus,
1244 3662 1309 3707 sen·

262 3741 444 3806 tentialiter
465 3747 500 3805 et
523 3738 704 3817 diffinitive,
729 3740 764 3804 in
787 3739 838 3805 his
859 3740 996 3827 scriptis

306 3842 351 3908 Et
372 3842 450 3929 quia
472 3840 565 3906 Illius
594 3841 790 3908 inhaerentes
810 3842 957 3929 vestigiis
978 3842 1035 3929 qui
1051 3843 1221 3913 neminem
1242 3844 1309 3911 vult

263 3944 377 4030 perire,
396 3965 455 4009 nec
480 3943 555 4009 vult
581 3950 721 4009 mortem
754 3943 941 4030 peccatoris,
967 3944 1025 4009 sed
1044 3950 1085 4010 ut
1107 3949 1217 4036 magis
1241 3968 1308 4013 con·

262 4053 412 4112 vertatur
434 4051 469 4111 et
494 4046 596 4122 vivat,
620 4046 793 4131 praefatum
809 4046 944 4111 fratrem
968 4045 1153 4114 Henricum
1171 4050 1309 4137 Orumpe

262 4148 455 4212 monachum
483 4147 693 4224 antedictum,
718 4152 828 4212 tantos
854 4151 979 4213 ettam
1010 4169 1161 4217 enormes
1192 4172 1308 4217 errores

262 4255 297 4314 et
317 4249 453 4314 haereses
473 4270 531 4335 per
551 4250 657 4335 ipsum
681 4249 816 4314 fratrem
847 4249 1026 4314 Hernicum
1051 4251 1141 4317 infra
1169 4260 1308 4319 nostram

263 4350 443 4415 Midensem
478 4350 641 4415 dioecesim
679 4356 713 4416 et
750 4351 837 4428 olibi,
870 4356 908 4416 ut
944 4353 1175 4439 supradicitur,
1208 4377 1306 4421 eoram

263 4452 347 4516 clero
384 4457 419 4516 et
452 4454 570 4538 populo
604 4453 731 4537 publice
762 4453 960 4538 prredicatoai,
992 4454 1055 4518 rite
1094 4462 1131 4521 et
1169 4458 1307 4545 legitime

262 4554 489 4638 requisivimus
510 4564 544 4618 ct
566 4556 761 4629 monuimus,
793 4555 881 4640 quod
907 4578 927 4619 a
951 4554 1119 4640 praedictis
1150 4560 1306 4625 erroribus
