3008 5490
549 720 728 773 rnscrcurr
752 721 978 775 zrzsuronmu
1219 709 1283 781 157

229 909 389 995 quamdiu
419 907 475 974 et¹
506 908 566 973 ubi
594 931 708 995 eorpus
742 909 866 974 Christi
895 914 945 974 est
973 908 1068 995 panis
1104 908 1282 975 secundum

229 1012 367 1097 speciem
379 1034 388 1090 ;
427 1010 579 1075 tamdiu²
618 1017 651 1076 et
688 1011 736 1075 ibi
773 1017 822 1076 est
859 1016 1106 1088 sacramentum,
1141 1008 1197 1076 ct³
1230 1032 1281 1076 res

227 1113 445 1190 sacramenti3
476 1113 532 1178 ie
556 1134 670 1198 eorpus
694 1113 824 1177 Christi.
880 1112 999 1177 Sensus
1032 1113 1170 1178 aliorum
1194 1134 1280 1178 erro-

227 1235 307 1280 neus
341 1219 394 1279 est
426 1235 545 1299 panem
569 1220 603 1278 et
631 1215 747 1279 vinum
781 1215 973 1290 materiales,
999 1234 1072 1298 quae
1110 1218 1279 1299 ponuntur
1386 1257 1388 1262 ·

227 1315 262 1379 in
293 1315 395 1380 altari
424 1315 576 1379 manibus
606 1316 836 1392 ministrorum,
872 1300 1038 1380 remanere
1067 1321 1142 1401 post
1172 1337 1281 1381 conse-

228 1417 418 1494 cretionem,
449 1423 484 1481 et
513 1437 589 1494 esse,
613 1417 673 1482 hoc
699 1422 749 1482 est
775 1416 977 1502 significare*
1001 1437 1114 1501 corpus
1138 1416 1278 1482 Christir

230 1518 290 1602 qui
328 1539 447 1594 sensus,
486 1540 559 1582 cum
598 1519 643 1582 sit
681 1517 903 1595 infundabilis,
951 1518 1171 1583 contemnitur
1211 1540 1280 1583 non

231 1618 399 1704 probatus

279 1719 379 1785 Hanc
407 1720 583 1785 doctrinam
607 1721 669 1783 filii
692 1725 814 1785 sanctae
844 1719 959 1784 matris
989 1718 1129 1785 ecclesiae
1157 1740 1280 1805 recepe·
1292 1733 1415 1787 Hermus
1431 1752 1451 1757 ·<

231 1827 320 1900 runt,
350 1827 506 1906 tanquam
541 1844 599 1908 per
618 1821 790 1896 ecclesiam,
821 1827 861 1885 ut
891 1821 1015 1886 dictum
1049 1827 1106 1899 est,
1131 1801 1449 1918 determi-ffii‘ss'ed‘sstas

227 1929 342 1987 natum
354 1947 363 2001 3
386 1924 537 1988 videlicet
563 1922 758 1987 venerabilis
782 1922 966 2000 Anselmus,
988 1923 1046 2007 qui
1072 1922 1137 1987 fuit
1162 1918 1416 2011 homo⁵hprdcei=

227 2025 321 2109 quasi
347 2025 437 2088 illius
462 2024 626 2110 temporis,
654 2025 712 2109 qui
738 2025 858 2088 librum
888 2025 993 2089 edidit
1016 2026 1056 2089 de
1079 2029 1280 2090 sacramento
1291 2013 1406 2118 {2¹22ss

225 2126 350 2204 altaris,
375 2127 411 2190 in
438 2123 516 2211 quo⁶
542 2127 685 2191 ostendit
706 2127 793 2210 quod
819 2125 1012 2191 eucharistia
1034 2131 1084 2191 est
1106 2148 1184 2192 vera
1206 2147 1279 2191 caro

226 2233 260 2292 et
280 2229 414 2314 sanguis
438 2227 638 2305 Salvatoris3
664 2229 752 2312 quod
777 2229 869 2312 panis
892 2232 926 2292 et
945 2228 1060 2292 vinum
1083 2250 1151 2293 non
1175 2248 1280 2292 rema-

224 2335 307 2394 nent
343 2330 522 2394 secundum
559 2329 759 2393 substantias
796 2352 879 2407 suas,
914 2335 947 2394 et
985 2329 1164 2394 accidentia
1201 2334 1279 2393 sunt

224 2431 273 2495 ibi
296 2431 367 2496 sine
389 2431 558 2516 subject03
581 2436 615 2495 et
642 2429 756 2515 quasi⁷
783 2436 873 2495 totus
903 2430 985 2494 liber
1013 2452 1073 2515 per
1096 2451 1279 2515 processum

224 2533 296 2618 agit
318 2533 362 2596 ad
383 2533 482 2597 istam
503 2533 706 2610 sententiam,
723 2533 918 2597 contrariam
942 2529 1148 2596 sententiam⁸
1171 2553 1279 2616 repro-

222 2632 356 2700 bundo.⁹

271 2735 352 2800 Post
378 2735 465 2800 hunc
496 2736 639 2799 surrexit
663 2735 699 2797 B.
731 2733 915 2797 Bernardus
945 2731 1003 2816 qui
1033 2731 1169 2796 Petrum
1193 2720 1448 2795 Abs-Memfi·

223 2835 341 2900 lardi¹⁰
371 2836 560 2901 hoereticum
597 2838 633 2900 in
670 2837 736 2899 ista
775 2832 945 2912 materia,ll
969 2839 1009 2898 ut
1041 2839 1115 2919 post
1144 2832 1277 2912 dicetur,

223 2938 486 3023 persequebatur.

271 3039 351 3104 Post
382 3041 468 3104 hunc
492 3039 592 3124 Hugo
624 3040 664 3102 de
695 3035 842 3102 Sancto¹²
872 3037 1003 3101 Victore
1036 3036 1072 3099 in
1109 3036 1278 3099 sententiis

223 3142 302 3217 suis,
321 3164 388 3205 esse
415 3142 561 3205 accidens
591 3141 661 3204 sine
691 3139 836 3223 subjecto
865 3138 1010 3214 asseruit,
1038 3143 1072 3201 et
1097 3158 1215 3222 panem
1245 3143 1278 3202 et

222 3245 342 3307 vinum
357 3266 423 3307 non
438 3264 610 3316 remanere,
625 3264 666 3304 ex
683 3242 802 3324 quibus
818 3240 986 3304 conficitur
1000 3261 1113 3325 corpus
1124 3237 1280 3304 Christi.¹³

223 3346 271 3409 Et
295 3347 331 3408 in
355 3345 438 3409 libro
464 3346 504 3408 de
528 3344 744 3421 sacramentis,
761 3348 853 3428 parte
878 3347 1000 3421 octava,
1015 3363 1072 3427 per
1095 3363 1276 3427 processum

223 3447 312 3510 idern
338 3447 439 3511 docet.

270 3547 350 3612 Post
380 3548 466 3610 hunc
498 3547 674 3611 Gratianus
704 3546 891 3632 compilavit
920 3546 1048 3609 decreta
1070 3551 1274 3609 sanctorum:
1290 3537 1441 3601 crataeis

223 3655 259 3713 et
288 3672 346 3734 per
376 3650 519 3712 rubricae
551 3670 630 3732 quas
660 3653 777 3733 posuit,
805 3652 838 3711 et
867 3670 925 3732 per
954 3646 1170 3711 conclusiones
1196 3667 1276 3730 quas
1288 3604 1439 3721 ἑιὲᾝιίξξ..

1289 3743 1392 3787 emtum·

1290 3017 1324 3068 Η.
1336 3019 1367 3070 de
1379 3018 1415 3073 St.

1292 3082 1388 3138 Victor.

259 3984 266 4015 ¹
279 3984 315 4048 et]
329 4000 377 4033 om.
391 3984 420 4036 C.
805 3983 972 4031 'contrariam
984 3982 1135 4046 sententiam]
1155 3997 1205 4032 orn.
1216 3982 1250 4031 A.

258 4065 267 4092 ¹
281 4063 386 4127 tamdiu]
400 4074 459 4122 tam,
474 4064 505 4112 Α.
806 4062 851 4110 ”lt
862 4062 884 4110 is
902 4069 947 4111 not
961 4076 1020 4124 easy
1031 4068 1057 4109 to
1069 4075 1115 4124 say
1127 4060 1195 4110 what
1205 4059 1276 4109 work

258 4142 315 4205 ἐι]
330 4150 355 4190 et
367 4153 410 4198 est,
424 4141 457 4198 A,
469 4142 497 4189 B.
773 4139 803 4188 of
808 4139 933 4188 Ansclm’s
944 4139 966 4187 is
978 4139 1087 4187 referred
1098 4146 1130 4188 to.
1160 4139 1276 4202 Possibly

258 4221 430 4285 ‘sipnr'facare]
440 4221 546 4284 signare,
556 4219 586 4268 B.
772 4227 798 4267 to
810 4219 888 4280 Epist
903 4222 958 4267 106.
978 4217 1043 4281 Opp.
1056 4234 1079 4281 p.
1092 4219 1189 4278 453,ed.
1204 4221 1275 4266 1675.

258 4301 268 4328 ⁸
280 4298 360 4363 tomo]
372 4314 421 4347 om.
434 4299 463 4348 B.
808 4298 826 4326 ¹⁰
838 4295 970 4360 Abelardi]
984 4296 1148 4353 ethelardum,
1160 4296 1188 4346 C.

258 4377 338 4441 ΝΜ]
359 4393 409 4440 qno
428 4376 516 4439 primo,
537 4377 570 4434 A,
590 4378 619 4425 Β.
658 4375 729 4424 Alter
807 4377 823 4405 ¹¹
838 4376 876 4440 ut]
895 4375 1016 4434 nunc,A.

225 4470 275 4518 qno
287 4458 342 4518 (q⁰)
354 4456 396 4504 the
410 4455 528 4505 insertion
540 4455 569 4503 ol
582 4454 663 4517 primo
675 4455 728 4517 (Ψ)
807 4455 825 4483 ¹²
838 4452 941 4517 Sama]
958 4469 1006 4501 om.
1021 4453 1050 4500 Β.

225 4535 430 4598 vouldbcessy.
807 4532 825 4560 ¹⁸
836 4532 869 4581 H.
893 4532 924 4580 de
954 4530 980 4580 S.
1008 4530 1122 4590 Victore,
1142 4528 1276 4593 Speculum

259 4613 366 4678 'quaeq
381 4628 430 4662 om.
441 4612 471 4664 B.
774 4610 902 4673 Ecclesiae,
915 4624 968 4673 cap.
982 4612 1005 4659 7.
