3158 5490
118 1818 245 1874 Transub

279 677 343 738 424
586 683 765 734 rssclcum
788 682 1015 731 armuronuu.

279 872 426 937 Johanni
450 870 596 956 Fowlyn,
621 877 655 935 et
679 869 843 934 Willelmo
867 866 978 933 Galeas
1000 866 1209 953 presbytero,
1234 870 1337 931 taam

280 973 401 1037 ibidem
439 972 660 1058 praesentibus
693 971 912 1045 distribueret,
943 968 1014 1033 haec
1043 968 1151 1033 verba
1183 968 1221 1031 in
1246 986 1337 1031 sensu

279 1074 478 1159 proferendo,
496 1073 644 1158 Accipite
659 1079 694 1138 et
709 1072 902 1137 manducate
918 1071 952 1133 in
968 1070 1165 1135 memoriam
1182 1068 1338 1156 passionis

281 1175 413 1251 Christi,
441 1175 623 1239 informasti
650 1180 684 1240 et
709 1174 824 1240 fecisti.

327 1275 434 1340 Istum
458 1276 632 1342 articulum
659 1275 814 1363 praefatus
841 1274 1024 1339 Willelmus
1049 1274 1181 1361 Whyte
1209 1274 1246 1339 in
1271 1278 1337 1339 toto

281 1378 423 1464 negavit.
880 1386 883 1391 '

762 1641 861 1707 XIII.

332 1785 417 1855 Item
432 1789 495 1855 tibi
512 1790 655 1865 dicimus,
673 1790 843 1874 objicimus
858 1795 893 1853 et
908 1787 1129 1863 articulamur,
1156 1788 1250 1874 quod
1269 1792 1337 1873 post

118 1889 271 1941 suntiaion.
286 1897 379 1955 tuam
413 1890 651 1975 abjurationem
686 1898 898 1955 memoratam
921 1895 959 1954 tu
989 1889 1139 1965 tenuisti,
1163 1889 1337 1965 asseruisti,

286 1992 463 2067 aflinnasti,
495 1992 660 2078 scripsisti,
692 1998 727 2057 et
764 1992 911 2066 docuisti,
952 1992 1040 2077 quod
1077 1991 1113 2054 in
1153 1991 1216 2057 boc
1254 1989 1337 2077 quod

287 2092 435 2158 Christus
474 2094 568 2168 dixit,
600 2094 673 2161 Hoc
711 2101 756 2159 cat
794 2116 916 2179 ccipias
955 2114 1079 2169 arcam,
1112 2115 1183 2159 non
1215 2098 1338 2180 oportet

286 2195 374 2279 quod
411 2195 558 2261 destruat
595 2196 767 2263 materiam
804 2196 905 2281 panis,
938 2199 972 2259 et
1001 2194 1048 2260 sic
1085 2202 1264 2260 convertat
1305 2194 1337 2258 in

286 2301 439 2360 naturam
485 2297 535 2361 sui
573 2298 739 2384 corporis3
782 2299 839 2361 sed
875 2295 996 2361 sufficit
1033 2296 1123 2362 fideli
1162 2296 1337 2363 christiano

285 2397 413 2463 credere
440 2399 526 2483 quod
553 2405 603 2463 est
629 2421 743 2486 corpus
773 2398 898 2464 Christi
921 2398 957 2462 in
983 2398 1151 2479 memoria,
1181 2406 1217 2464 et
1247 2418 1339 2464 venis

286 2499 380 2585 panis
396 2500 431 2563 in
450 2506 578 2565 natura

333 2600 441 2667 Istum
467 2602 641 2667 articulum
667 2602 702 2666 in
726 2608 797 2667 toto
824 2600 979 2689 paefatus
1003 2600 1192 2667 Willelmus
1218 2601 1339 2689 whyte

287 2708 366 2769 tunc
404 2703 525 2770 ibidem
558 2703 760 2789 judicialiter
798 2704 972 2779 fatebatur,
1008 2709 1043 2768 et
1079 2705 1273 2792 recognovit
1309 2724 1342 2767 se

286 2806 438 2880 tenuisse,
485 2804 668 2881 affirmasse,
715 2806 877 2892 scripsisse
919 2813 953 2870 et
995 2806 1149 2882 docuisse,
1187 2812 1263 2895 post
1309 2811 1342 2869 et

290 2911 402 2972 contra
428 2928 520 2972 suam
547 2906 786 2991 abjurationem
813 2906 1010 2994 praedictam

772 3171 862 3235 XIV.

123 3359 172 3414 111·
183 3360 263 3428 pm„
337 3327 422 3397 Item
438 3331 501 3396 tibi
517 3328 661 3407 dicimus,
679 3332 850 3417 objicimus
866 3338 900 3396 et
915 3330 1136 3408 articulamur,
1153 3331 1244 3418 quod
1269 3336 1342 3418 post

124 3431 262 3481 salanam
291 3439 325 3497 et
355 3439 467 3498 contra
491 3439 582 3498 tuam
614 3440 826 3499 memoratam
857 3433 1104 3517 abjurationem,
1127 3440 1166 3499 tu
1198 3433 1345 3507 tenuisti,

124 3494 258 3547 doctrines.
335 3535 342 3551 .

291 3534 468 3611 nffinnasti
492 3535 649 3621 scripsisti
665 3542 699 3600 et
714 3536 861 3611 docuisti,
878 3536 965 3620 quod
983 3535 1209 3600 Lollardorum
1235 3535 1344 3621 opinio

291 3637 360 3701 sive
390 3637 539 3702 doctrina
569 3637 724 3702 informat
753 3638 899 3701 homines
940 3659 1058 3722 ponere
1096 3637 1205 3711 fidem,
1244 3658 1343 3722 spem,

293 3739 451 3815 timorem,
477 3745 511 3803 et
537 3762 689 3816 amorem,
716 3739 821 3804 solum
846 3740 882 3803 in
907 3737 980 3803 Deo
1007 3738 1099 3803 etin
1121 3737 1342 3825 legeejus,et

292 3861 359 3904 non
389 3841 423 3903 in
454 3862 546 3926 papa,
574 3847 634 3905 aut
660 3841 696 3904 in
722 3841 789 3905 suis
814 3841 903 3904 falsis
931 3841 1065 3926 legibus,
1092 3840 1146 3904 vel
1170 3841 1207 3903 in
1230 3839 1346 3905 subtili

292 3941 466 4027 languagio
496 3942 701 4007 exsecrabilis
732 3947 913 4007 conventus
935 3941 1141 4018 Antichristi,
1175 3942 1345 4006 verissime

292 4043 425 4127 figurati
452 4066 509 4129 per
532 4045 629 4109 ticum
650 4044 880 4128 producentem
907 4049 1039 4108 tantum
1062 4042 1148 4115 folia,
1170 4042 1223 4107 cui
1247 4042 1344 4107 male·

293 4142 380 4208 dixit
396 4144 565 4208 Dominus

338 4244 445 4309 Istmn
484 4247 658 4311 articulum
696 4247 852 4332 praefatus
884 4246 1067 4312 Willelmus
1100 4246 1226 4331 Whyte
1265 4256 1346 4312 tunc

294 4344 415 4410 ibidem
435 4346 636 4430 judicialiter
659 4348 832 4428 fatebatur,
861 4357 896 4412 et
920 4348 1109 4434 recognovit
1130 4370 1166 4412 se
1191 4354 1268 4435 post
1292 4350 1347 4414 ab

287 4445 489 4528 jurationem
512 4447 700 4531 praedictam
723 4450 874 4523 tenuisse,
899 4448 1081 4527 affinnasse,
1106 4451 1281 4536 scripsisse,
1315 4458 1348 4515 et

294 4548 447 4614 docuisse.
