3158 5490
572 673 751 724 rasmouur
772 673 999 724 znaaroauu
1268 658 1311 731 79

256 862 404 950 speuilioe
435 861 606 926 distinctas
636 880 827 946 cognoscere
850 859 920 924 sine
943 858 1126 925 rationibus
1149 861 1314 926 distinctis

257 988 279 1030 a
308 969 401 1051 parte
431 964 490 1041 sui,
522 986 543 1028 a
571 962 643 1048 pari
672 983 731 1027 neo
761 967 870 1047 posset
900 961 972 1026 illas
1001 961 1144 1027 rationes
1173 963 1313 1048 perferte

198 1076 202 1081 '
257 1087 448 1153 oognosoere
485 1064 550 1129 nisi
583 1085 641 1148 per
671 1064 814 1128 rationes
846 1062 935 1141 alias,
973 1084 1049 1128 oum
1079 1069 1213 1129 tantum
1251 1064 1316 1128 dis-

257 1168 456 1254 tinguantur
491 1165 635 1229 rationes
672 1164 827 1250 specificae
864 1165 949 1229 siout
985 1164 1065 1250 ipsas
1101 1165 1243 1250 speoies;
1281 1171 1315 1230 et

256 1270 308 1334 ita
334 1273 419 1333 esset
444 1287 610 1353 prooessus
633 1266 671 1330 in
696 1265 864 1329 infinitum
886 1266 927 1330 de
950 1265 1033 1330 ideis
1055 1265 1210 1343 idearum,
1227 1267 1316 1352 quod

257 1390 327 1435 non
364 1373 415 1435 est
452 1368 683 1434 eonvenienter
726 1367 921 1453 ponendum
991 1365 1203 1453 Relinquitur
1240 1389 1315 1454 ergo

258 1471 349 1557 quod
377 1471 415 1534 in
439 1469 510 1534 Deo
533 1469 578 1534 sit
603 1469 735 1534 realiter
759 1469 847 1532 idem
867 1488 1059 1553 cognoscens
1081 1472 1115 1533 et
1138 1470 1316 1555 cognitum,

258 1572 401 1638 essentia
415 1577 450 1637 et
463 1571 546 1649 idea,
562 1570 713 1658 potentia
727 1574 761 1634 et
788 1569 959 1654 objectum,
977 1573 1012 1633 et
1036 1570 1087 1633 ita
1106 1571 1147 1635 de
1170 1570 1317 1649 eaeteris3

259 1674 339 1759 quia
361 1693 430 1738 non
455 1678 506 1737 est
530 1672 568 1736 in
590 1692 629 1737 eo
655 1671 835 1736 multitudo
858 1669 961 1749 realis,
985 1669 1040 1735 vel
1062 1670 1237 1750 distinctio,
1253 1670 1318 1736 nisi

260 1774 528 1861 suppositionum

306 1875 345 1942 Si
374 1881 489 1941 tamen
518 1879 686 1960 quaeratur
713 1872 853 1938 ulterius
884 1873 924 1938 de
954 1871 1090 1957 objectis
1119 1872 1318 1950 extrinsecis,

260 1983 302 2043 ut
331 1977 372 2042 de
402 1976 578 2062 praeteritis
601 1981 636 2040 et
663 1973 855 2052 defuturis,
879 1974 1043 2060 numquid
1067 1974 1125 2038 illa
1146 1981 1225 2040 sunt
1253 1975 1316 2040 sub

260 2079 388 2144 ratione
423 2100 490 2164 qua
512 2073 704 2143 terminant¹
737 2076 884 2140 divinam
914 2076 1090 2141 notitiam:
1127 2078 1199 2142 dieo
1229 2077 1318 2163 quod

260 2201 350 2259 non3
388 2181 468 2265 quia
497 2180 673 2244 terminare
703 2178 859 2242 notitiam
888 2178 973 2242 nihil
1010 2178 1101 2243 aliud
1130 2185 1180 2244 est
1218 2200 1317 2264 quam

261 2281 429 2369 oognosei;
453 2286 487 2347 et
506 2281 581 2345 ideo
604 2280 689 2344 siout
711 2300 778 2344 non
801 2284 886 2356 sunt,
903 2285 1065 2344 ettamen
1079 2286 1318 2367 eognosoamtur

261 2406 283 2448 a
297 2384 369 2447 Deo
381 2407 390 2462 3
412 2383 462 2447 ita
486 2382 666 2447 terminant
693 2381 840 2445 divinem
864 2381 1029 2459 notitiam,
1053 2387 1088 2447 et
1111 2387 1224 2447 tamen
1248 2403 1317 2446 non

261 2491 341 2550 sunt
366 2484 404 2548 in
427 2483 507 2562 Deo,
532 2505 593 2548 neo
618 2482 705 2547 alibi

306 2585 399 2650 'liano
419 2585 462 2649 ad
482 2585 643 2649 rationem
671 2584 801 2669 quando
819 2582 866 2646 sio
886 2582 1044 2667 arguitur,
1071 2582 1186 2648 Omne⁴
1198 2585 1316 2648 scitum
1329 2605 1411 2671 Reply
1422 2611 1449 2656 to

260 2687 316 2753 vel
342 2686 521 2772 cognitum,
548 2686 585 2749 in
610 2690 773 2769 quantum
796 2682 903 2767 hujus,
927 2688 977 2747 est
1000 2704 1137 2763 verum3
1161 2705 1256 2749 omne
1271 2672 1476 2802 sioffiffiffi

260 2788 442 2853 terminans
469 2787 616 2851 divinam
646 2787 810 2863 notitiam,
841 2784 902 2848 sub
932 2785 1059 2851 ratione
1088 2807 1154 2870 qua
1183 2786 1235 2862 sio,
1268 2789 1469 2870 estargumena

262 2890 383 2955 scitum
399 2888 453 2954 vel
467 2889 636 2975 oognitum
650 2911 659 2969 ;
682 2909 767 2974 ergo,
781 2886 842 2951 sub
857 2886 984 2951 ratione
999 2886 1078 2971 qua?
1092 2887 1138 2952 sio
1152 2887 1317 2965 terminat,

261 2997 313 3056 est
334 3013 456 3056 verum.

307 3091 372 3156 Pro
387 3093 452 3156 isto
467 3091 539 3155 dieo
558 3091 647 3175 quod
661 3090 789 3176 proprie
803 3089 966 3173 loquendo
980 3089 1064 3154 nihil
1080 3088 1180 3176 [est]³
1201 3090 1318 3155 scitum

261 3192 328 3256 nisi
364 3193 589 3278 complexum
620 3197 654 3256 et
691 3191 737 3254 sio
769 3191 907 3254 concedo
939 3191 1027 3275 quod
1064 3213 1159 3256 omne
1190 3192 1317 3268 scitum,

262 3295 477 3378 inquantum
497 3292 604 3378 hujus,
629 3297 680 3356 est
701 3312 840 3369 verum;
863 3292 942 3377 quia
959 3292 1066 3356 multa
1089 3299 1168 3358 sunt
1190 3293 1321 3379 cognita

263 3415 339 3481 quae
365 3416 432 3457 non
455 3400 534 3458 suut
546 3418 554 3472 ;
577 3398 611 3458 et
636 3415 694 3478 per
718 3412 916 3477 consequens
945 3414 1013 3458 non
1042 3400 1120 3459 sunt
1149 3416 1235 3473 vera,
1264 3395 1321 3460 sed

262 3496 424 3560 veraaiter
447 3494 649 3580 apprehensa
660 3518 669 3573 3
703 3498 737 3558 et
767 3493 828 3557 hoo
851 3493 971 3558 suffieit
996 3516 1056 3580 pro
1082 3497 1222 3561 veritate
1249 3518 1322 3582 eog-

263 3597 409 3674 nitionis,
441 3617 501 3661 nee
532 3597 666 3682 derogat
696 3595 758 3660 hoo
787 3595 979 3680 perfectioni
1008 3597 1138 3663 notitiae
1175 3597 1319 3661 divinae:

264 3698 365 3762 immo
390 3718 432 3763 ex
456 3697 518 3762 hoo
541 3697 691 3783 arguitur
714 3697 837 3774 clarior,
865 3697 1059 3775 immensior,
1086 3704 1120 3763 et
1141 3697 1319 3784 perfectior,

265 3797 375 3885 quod⁴
399 3798 564 3885 oognosoit
584 3820 651 3862 non
677 3799 775 3875 entia,
803 3800 980 3864 seeundum
1003 3799 1092 3885 quod
1116 3800 1196 3864 dieit
1218 3800 1322 3885 Apos-

264 3900 352 3966 tolus
382 3901 425 3965 ad
456 3899 621 3965 Romanos
645 3916 690 3964 lv.
717 3899 781 3969 17:
811 3900 923 3978 Vocat,
947 3900 1121 3986 inquitate
1144 3923 1220 3988 quoa
1249 3921 1323 3966 aoso

265 4008 352 4068 sumt
374 4008 547 4087 tuaquom
569 4023 609 4066 eo
632 4023 706 4087 quoa
729 4008 820 4066 aaut.
871 4001 924 4065 Ex
947 4023 1012 4086 quo
1034 4006 1127 4089 patet
1149 4003 1321 4088 raponsio.

311 4102 367 4169 Sic
382 4109 494 4167 autem
508 4104 626 4169 reduco
641 4104 732 4168 istud
747 4109 977 4189 argumentum
992 4108 1105 4168 oontra
1125 4105 1321 4190 Magistrum
1333 4103 1466 4221 gwn-

302 4422 464 4487 ¹terruerunt]
477 4424 651 4487 determinant,
664 4424 720 4476 MS.
854 4427 951 4493 ‘quod]
971 4442 1022 4476 non
1041 4435 1105 4492 post,
1118 4428 1190 4488 MS.;
1207 4428 1252 4476 but
1266 4426 1287 4476 it
1303 4425 1325 4475 is

301 4502 385 4567 ’quiq
405 4503 491 4565 qualis,
503 4503 559 4553 MS.
822 4506 1071 4571 markedasvroug.

301 4582 312 4612 ⁸
323 4580 372 4646 est]
392 4581 505 4646 wanang
515 4581 543 4630 in
554 4582 611 4634 MS.
