3008 5490
249 733 315 798 296
560 742 741 796 rescitum
761 738 990 797 matulonam

249 1286 430 1367 Qonmmm
485 1283 666 1352 Nrcomos
731 1283 924 1350 Hanrosnn
1002 1300 1046 1349 rr
1105 1285 1280 1351 Pannona

295 1387 535 1451 Rarrnononn
593 1400 771 1454 rovmanr
832 1402 1037 1453 uaorsrnuu
1101 1387 1282 1455 Jonanrnr

293 1488 496 1555 Wrccnrrr.

304 1693 410 1758 Anno
453 1689 589 1756 Domini
624 1706 839 1757 ncccmxxn
873 1690 1008 1777 quidam
1043 1689 1136 1756 filius
1178 1688 1287 1778 iniqni-

80 1788 104 1821 ''
119 1790 135 1822 ¹¹
248 1795 328 1861 tatis
358 1793 514 1859 Nicolaus
539 1792 710 1870 Herforde,
734 1792 891 1878 magister
919 1792 956 1856 in
988 1790 1166 1878 theologia,
1195 1792 1289 1859 deter-

248 1894 396 1970 minavit,
429 1900 463 1959 et
492 1894 627 1959 fovebat
656 1893 849 1980 magistrum
879 1892 1069 1958 «Iohannem
1096 1892 1288 1980 Wyclyf’m

248 1996 423 2074 omnibus;
460 1999 495 2060 et
533 1995 621 2060 dixit
657 1995 767 2081 palam
804 1995 894 2080 quod
923 1993 1185 2083 archiepiscopus
1214 1994 1291 2063 Onu-

246 2096 420 2162 tuariensis
451 2095 578 2180 Symon
608 2095 681 2161 ideo
710 2095 777 2160 fuit
806 2095 1005 2171 interfectus,
1033 2100 1069 2160 et
1094 2095 1196 2181 juste,
1220 2095 1291 2183 quis

246 2194 354 2263 voluit
383 2196 578 2282 magistrum
607 2218 704 2263 suum
733 2197 900 2283 corripere,
932 2202 967 2262 et
995 2195 1084 2261 dixit
1114 2197 1204 2283 quod
1231 2218 1291 2263 non

245 2297 356 2384 potuit
385 2297 519 2383 reperiri
548 2297 661 2385 aliqua
690 2298 815 2363 falsitas
845 2299 882 2362 in
911 2297 1023 2382 eliqua
1048 2297 1203 2364 doctrina
1230 2320 1292 2363 ma·

244 2399 341 2485 gistri
360 2397 529 2464 iohannes
544 2397 715 2485 Wycclyff.
762 2399 922 2486 Magister
942 2397 966 2463 J
968 2398 1113 2465 ohannes
1133 2398 1295 2486 wyoolyu

245 2499 282 2564 in
311 2500 425 2564 multis
456 2499 595 2566 excessit
607 2524 616 2579 ;
653 2500 711 2564 sed
747 2499 817 2587 ipse
855 2499 1011 2566 Nicotaus
1048 2500 1293 2586 superbioeimus

244 2601 464 2667 intolerabilia
494 2605 528 2666 et
557 2600 791 2666 nefandissima
815 2601 903 2669 dixit
932 2601 969 2667 in
998 2601 1229 2685 sermonibus3
1261 2606 1292 2668 et

244 2725 371 2789 semper
396 2702 628 2768 commovendo
651 2701 809 2788 populum
835 2702 879 2766 ed
904 2701 1184 2769 insunectionem.

290 2803 440 2868 Haereses
463 2807 498 2868 et
520 2823 649 2880 errores,
672 2806 706 2867 et
735 2802 803 2867 alia
832 2802 981 2881 nefande,
1004 2803 1139 2869 redacte
1159 2803 1294 2873 suntin

244 2909 367 2970 certam
391 2904 529 2968 formam
559 2925 617 2989 per
646 2903 799 2981 notarios,
830 2904 874 2968 ad
903 2903 1096 2969 instantiam
1128 2904 1293 2991 cujusdam

244 3005 384 3069 doctoris
414 3005 449 3067 in
480 3003 643 3089 theologia
672 3003 782 3068 fratris
813 3003 904 3068 Petri
942 3003 1065 3089 Stokys
1097 3004 1291 3082 carmelite,

244 3107 301 3191 qui
347 3128 404 3191 per
441 3112 549 3169 totum
595 3105 688 3168 illum
727 3127 851 3169 annum
889 3105 995 3190 ipsum
1041 3106 1292 3191 impugnaverat

244 3208 390 3284 Oxoniae‚
420 3207 666 3271 determinando
697 3211 730 3270 et
760 3207 972 3291 paedicando
1019 3205 1085 3269 Sed
1109 3208 1166 3272 ille
1196 3208 1293 3272 Nico-

242 3308 322 3384 lnus,
350 3307 442 3371 velut
467 3308 565 3371 miser
594 3307 731 3391 fugiens,
763 3329 932 3392 nunquam
955 3307 1062 3371 voluit
1093 3307 1219 3372 librum
1241 3309 1292 3373 rel

242 3412 438 3492 quaternum
462 3408 698 3472 communicare
723 3408 816 3472 alteri
842 3409 974 3483 doctori,
991 3410 1048 3472 sed
1071 3410 1171 3474 modo
1195 3410 1294 3475 heere

103 3519 123 3567 is
198 3509 381 3574 onticornm
405 3515 439 3574 et
466 3509 633 3573 multoties
658 3509 839 3572 meretricio
865 3510 1027 3594 processit
1074 3509 1119 3573 Et
1158 3513 1292 3576 tandem

74 3599 128 3697 ἔζη
146 3601 216 3699 Ἕω
242 3612 278 3674 in
301 3609 384 3674 festo
408 3610 615 3674 Ascensionis
647 3609 838 3693 praedicavit
867 3610 973 3673 multe
1002 3609 1144 3674 nefanda
1175 3618 1210 3676 et
1241 3613 1292 3677 de

140 3751 147 3766 ·
190 3687 197 3710 ⁹
242 3712 407 3776 testabilia
429 3710 557 3796 publice
580 3711 615 3772 in
637 3711 823 3774 coemeterio
846 3709 877 3774 S.
902 3711 1119 3793 Fredeswyde
1143 3713 1292 3776 excitans

241 3813 396 3896 populum
423 3813 466 3875 ad
496 3810 770 3887 insurrectionem,
800 3817 833 3874 et
864 3832 1020 3874 excusans
1053 3817 1087 3875 et
1115 3812 1291 3877 defendens

242 3912 412 3996 Wycclyff.

139 4057 206 4094 same
285 4012 380 4074 Alius
401 4032 530 4095 quoque
557 4011 725 4075 Lollardus
752 4012 792 4074 de
813 4017 900 4074 secta
920 4009 1089 4095 Wycclyff,
1116 4015 1291 4079 cononicus

241 4114 280 4176 de
321 4113 500 4196 Leycestre‚
537 4111 706 4197 Philippus
755 4112 979 4196 Repyngdone
1017 4113 1139 4197 incepit
1178 4117 1290 4179 eodem

71 4253 152 4285 oneo
182 4268 193 4277 .
239 4235 333 4285 anne,
367 4213 424 4296 qui
463 4213 526 4275 fnit
556 4212 665 4276 fautor
696 4212 879 4295 Wycclyii':
920 4212 1042 4296 quique
1080 4219 1157 4277 erite
1196 4238 1289 4279 suam

96 4318 111 4351 ³
239 4314 462 4399 inceptionem,
480 4314 567 4396 apud
595 4311 723 4377 Brncle¹
748 4313 981 4397 priedicnvernt
1005 4314 1176 4378 materiam
1193 4316 1287 4401 Wyc·

403 4628 410 4658 ¹
423 4624 527 4690 Bracle]
543 4624 666 4690 Brnclrley
678 4624 801 4689 llospitnl,
815 4625 839 4675 in
852 4626 1109 4691 Northamptonshire.
