3008 5490
534 711 717 762 rssorcum
739 714 963 764 zrmmosuu
1234 701 1278 771 47

229 901 370 963 eternus
416 896 505 962 Num
531 897 638 983 primo
666 899 797 983 quando
824 898 920 984 tetigi
951 899 1049 963 istum
1070 899 1274 985 positionem,

228 1000 282 1064 [eoi
311 999 378 1065 lule
409 1005 650 1086 argumentum
711 999 848 1086 Signavi
877 1023 936 1087 per
965 1024 989 1066 o
1018 1003 1158 1088 primam
1188 1003 1274 1068 diem

226 1101 326 1177 seculi,
355 1106 392 1166 et
420 1103 600 1188 arguebam
634 1102 687 1167 sio
734 1101 842 1167 Causa
878 1103 1023 1167 formalis
1053 1105 1188 1190 praeciso
1221 1105 1275 1168 vel

226 1203 365 1267 maxims
379 1204 533 1268 veritatis
548 1204 729 1289 eomplexse
746 1209 797 1269 est
812 1204 986 1269 conformis
1006 1207 1124 1292 positio
1147 1207 1194 1270 rei
1210 1207 1276 1292 sig-

226 1304 419 1383 niliostivae3
442 1305 528 1369 siem
542 1309 638 1390 putet
653 1327 695 1370 ex
710 1305 835 1369 famoso
849 1307 1070 1392 propositione
1086 1308 1276 1372 Aristotelis

226 1405 256 1470 1⁰
278 1407 343 1495 «egl
368 1403 539 1495 ἑρμηνείας]
559 1407 640 1492 [cop.
657 1407 693 1492 1.]
719 1416 735 1440 “
745 1407 787 1470 In
810 1428 848 1472 eo
871 1408 959 1492 quod
983 1431 1033 1473 res
1060 1414 1110 1473 est
1133 1410 1186 1474 vel
1209 1432 1276 1474 non

227 1513 284 1583 est„
298 1512 348 1573 est
360 1509 448 1572 ratio
462 1528 544 1572 vere
557 1508 613 1572 vel
627 1506 736 1572 fols&
775 1507 841 1572 Sed
856 1530 943 1574 nuno
958 1515 1008 1573 est
1023 1532 1138 1574 verum
1154 1512 1241 1595 quod
1253 1533 1276 1574 a

228 1613 288 1685 est,
314 1609 387 1695 quis
408 1630 538 1695 semper
561 1614 612 1673 est
635 1609 705 1674 haec
730 1609 860 1686 veritas,
885 1631 909 1674 o
935 1611 1000 1674 erit
1023 1611 1077 1674 vel
1100 1611 1173 1687 fuit,
1199 1633 1278 1697 ergo

229 1730 320 1775 nuno·
340 1732 364 1776 a
390 1716 463 1790 εεὴ
502 1732 577 1775 oum
608 1710 753 1775 sonnolis
789 1712 875 1777 ratio
913 1711 1010 1775 istius
1046 1713 1206 1787 veritatis,
1237 1718 1277 1776 ut

227 1811 368 1898 prrsdixi,
392 1833 463 1876 non
485 1811 532 1876 sit
556 1812 621 1876 nisi
645 1812 765 1898 positio
789 1833 813 1876 u
837 1814 874 1876 in
897 1811 995 1878 esse.2

266 1913 321 1977 Ad
343 1913 436 1977 istud
450 1912 540 1977 dixit
563 1911 724 1998 Magister
741 1935 842 1989 mens,
863 1914 950 1978 siout
969 1914 1052 1977 mihi
1070 1918 1275 1999 reportatum

226 2022 282 2094 est,
302 2015 393 2100 quod
415 2036 506 2078 nunc
529 2019 581 2079 est
604 2015 673 2080 haeo
687 2016 820 2091 veritos,
836 2037 860 2080 o
875 2020 944 2094 εεὴ
967 2021 1131 2081 ettamen
1151 2039 1276 2082 nuncu

227 2137 288 2182 non
307 2121 367 2182 est.
416 2116 516 2182 Unde
541 2115 585 2180 sd
614 2116 848 2180 auctoritatem
872 2117 1059 2182 Aristotelis
1084 2119 1165 2183 dicit
1188 2121 1277 2205 quod

226 2240 280 2304 per
292 2218 355 2283 hoo
368 2239 492 2282 nomen
511 2239 564 2282 res
579 2217 628 2281 ibi
648 2217 847 2302 intelligitur
861 2219 985 2283 veritas
1005 2219 1143 2306 signata,
1160 2227 1199 2284 ut
1213 2222 1276 2286 iste

226 2321 266 2385 sit
281 2341 419 2386 sensus:
443 2321 480 2383 in
500 2340 539 2384 eo
562 2320 651 2404 quod
671 2319 795 2384 veritas
824 2319 954 2404 signata
972 2326 1027 2397 est,
1048 2323 1101 2386 vel
1126 2345 1192 2386 non
1217 2334 1275 2395 est,

227 2428 273 2486 est
307 2422 415 2486 oratio
449 2443 529 2486 vers
567 2421 622 2485 vel
659 2420 748 2485 falsa.
795 2421 876 2486 Eoos
892 2471 895 2478 .
913 2421 965 2487 hio
995 2445 1145 2510 expresse
1183 2425 1277 2511 ponit

227 2523 384 2610 Magister
414 2522 499 2586 hono
529 2522 703 2586 veritatem
734 2543 811 2599 esse,
841 2523 948 2609 prima
978 2525 1047 2589 dies
1074 2527 1172 2589 seculi
1204 2530 1277 2602 est;

226 2626 323 2689 etism
349 2646 410 2711 pro
436 2646 590 2688 mensura
613 2646 672 2709 pro
697 2645 763 2710 qus
788 2624 860 2710 ipss
888 2624 957 2689 dies
983 2648 1051 2689 non
1078 2631 1149 2701 est3
1173 2631 1208 2689 et
1232 2627 1280 2688 sio

226 2731 317 2813 putet
340 2727 520 2792 secundum
545 2747 620 2790 eum
640 2726 728 2809 quod
742 2747 809 2789 non
832 2726 990 2810 sequitur,
1010 2726 1079 2788 haec
1101 2726 1233 2804 veritas,
1255 2747 1278 2789 u

224 2828 294 2906 fuit,
321 2835 372 2893 est
394 2833 528 2903 aeterna,
553 2848 630 2913 ergo
655 2849 678 2890 o
702 2831 752 2891 est
778 2831 946 2891 aetemum.
994 2825 1201 2911 Quapropter
1226 2827 1278 2889 hie

224 2931 329 2995 tribus
343 2930 385 2995 de
399 2929 506 2994 causis
521 2950 589 2992 non
602 2928 700 2993 video
716 2928 875 2992 rationem
888 2949 989 3011 quare
1006 2927 1164 3011 Magister
1179 2934 1283 3013 negat

224 3034 379 3097 veritates
399 3031 624 3115 oontingentes
648 3051 715 3094 esse
731 3035 876 3103 aeternss,
898 3051 957 3114 pro
978 3033 1082 3103 tanto,
1101 3029 1177 3113 quia
1197 3035 1277 3093 tune

225 3135 328 3198 omnis
352 3140 503 3197 creatora
526 3136 609 3196 esset
631 3137 762 3196 aeterna.

266 3236 420 3299 Ulterius
443 3235 479 3297 in
502 3234 616 3297 eadem
640 3233 779 3295 materis
803 3233 884 3296 dicit
900 3233 1024 3297 Doctor
1045 3233 1134 3317 quod
1152 3255 1276 3296 novum

224 3337 471 3401 Testamentum
501 3339 552 3398 est
574 3339 742 3408 oeternum,
774 3333 873 3397 etiam
904 3356 924 3396 a
954 3340 1046 3418 porte
1077 3341 1161 3399 ante.
1211 3334 1276 3403 Sed

224 3445 337 3503 eontra
362 3438 454 3501 istud
475 3437 607 3511 dictum,
624 3436 741 3519 inquit,
762 3457 828 3498 non
849 3436 970 3519 jacitur
988 3437 1144 3519 jaculum,
1160 3460 1275 3502 venun

224 3547 272 3605 est
305 3542 361 3603 ita„
405 3537 475 3602 Neo
497 3538 541 3601 sd
567 3537 786 3601 defensionem
820 3536 891 3619 ejus
925 3539 1100 3622 opponitur
1124 3547 1273 3601 scutum:

224 3643 300 3726 quia
323 3640 412 3725 quod
433 3640 477 3702 sit
497 3643 656 3703 aeternum
678 3661 697 3701 a
720 3642 812 3722 porte
835 3643 917 3722 post,
938 3643 1079 3701 testatur
1102 3640 1277 3701 auotoritas

223 3765 295 3807 cum
312 3743 418 3827 glossa
440 3742 526 3804 siout-
546 3740 694 3825 allegari,
711 3739 768 3802 sed
783 3740 822 3802 de
845 3740 1031 3803 aeternitute
1055 3741 1124 3822 ejus
1145 3763 1164 3801 a
1184 3744 1277 3824 parte

224 3852 307 3921 ante,
331 3867 399 3907 non
422 3842 557 3906 memini
580 3864 632 3905 me
649 3841 767 3904 vidime
794 3841 954 3904 rationem
970 3842 1024 3904 vel
1049 3842 1276 3905 auctoritatem

225 3970 300 4033 quse
321 3946 383 4010 hoo
405 3944 592 4008 affirmaret

270 4049 335 4112 III.
360 4047 472 4110 Tertio
498 4045 720 4130 principaliter
746 4044 825 4106 (licit
846 4044 969 4106 Dootor
991 4045 1078 4127 quod
1100 4044 1278 4108 Christiani
1292 4054 1410 4130 wyslif‘·

227 4150 347 4214 habent
374 4149 521 4232 quietum
547 4147 778 4232 possessionem
806 4150 901 4209 terrie
928 4147 1148 4230 promissionis
1173 4148 1214 4208 all
1241 4121 1445 4235 li-ffimae'

229 4258 329 4316 teram
347 4277 354 4330 ;
378 4259 413 4315 et
429 4252 492 4315 istu
508 4255 585 4314 sunt
599 4250 686 4312 bona
701 4271 787 4312 novo
803 4270 876 4331 quae
891 4248 1011 4311 multos
1026 4249 1231 4311 laetifimrent
1252 4247 1278 4309 si
1292 4291 1385 4342 Which
1397 4291 1419 4339 is
