3008 5490
527 733 652 784 rascas
675 733 747 784 arn
771 732 983 785 ooormrara
1211 720 1274 787 461

227 919 307 987 Non
322 920 410 987 enim
424 920 572 1007 sequitur
592 922 777 986 intellectus
799 921 898 1007 hujus
920 921 999 987 dieti
1021 920 1112 987 Petri
1126 923 1277 1010 negantis

228 1023 407 1103 Christum,
438 1023 520 1089 Noa
549 1045 636 1101 suaa,
669 1029 720 1089 est
752 1025 822 1102 iste,
855 1023 973 1089 Petrus
1003 1026 1139 1110 negavit
1169 1026 1276 1112 ipsum

225 1148 298 1193 esse
335 1127 459 1193 Christi
505 1126 723 1213 diseipnlnm3
768 1148 844 1213 ergo
881 1148 941 1213 per
975 1127 1062 1191 idem
1110 1127 1278 1215 Scriptura

225 1230 349 1296 diceret
373 1230 461 1315 quod
486 1229 576 1295 Deus
602 1228 701 1296 Pater
725 1251 792 1293 non
819 1235 876 1306 est,
899 1229 977 1314 quia
1000 1252 1068 1294 non
1085 1235 1135 1295 est
1154 1230 1280 1298 Christi

224 1332 411 1418 discipulus
456 1331 529 1398 Ista
564 1338 677 1397 tamen
714 1331 834 1397 locutio
871 1353 938 1395 non
975 1332 1168 1418 praejudieat
1205 1334 1278 1398 aliis

224 1434 403 1500 subtilibus
428 1435 638 1520 argumentis,
666 1434 751 1500 sieut
775 1434 872 1498 unius
902 1435 998 1520 spieae
1028 1434 1181 1501 sterilitas
1210 1458 1278 1501 non

225 1537 374 1603 excludit
403 1538 608 1602 fertilitatem
646 1537 718 1623 agri
754 1537 904 1623 florigeri,
944 1557 1003 1602 nee
1036 1537 1175 1622 privatoe
1206 1560 1278 1624 per-

226 1660 316 1704 sonae
341 1639 482 1726 segnitia
508 1638 634 1724 collegii
664 1638 855 1703 bonitatem.
913 1638 1150 1705 Verumtamen
1185 1645 1278 1726 patet

224 1741 466 1806 conferentibus
482 1739 684 1826 Scripturam
707 1741 744 1805 in
765 1762 825 1805 sua
840 1740 1039 1826 integritate,
1056 1741 1141 1806 sieut
1155 1740 1280 1806 Doctor

225 1864 320 1908 meus
349 1842 435 1918 iacit,
467 1843 544 1908 lieet
575 1842 738 1908 tentative
767 1848 928 1928 proponat
958 1842 1039 1906 mihi
1070 1842 1158 1918 talia,
1190 1844 1277 1929 quod

226 1943 397 2031 Scriptura
418 1944 517 2029 juvat
539 1945 678 2030 seipsam
708 1966 767 2030 pro
798 1944 945 2010 sensibus
969 1943 1200 2030 postillandis:
1238 1952 1277 2011 ut
1328 1977 1329 1980 ¹

224 2046 309 2112 illud
339 2048 441 2111 Amos
463 2045 545 2111 Noa
568 2068 648 2112 aum
666 2046 832 2132 propbeta
855 2047 989 2111 doeetur
1018 2047 1205 2113 restrictum
1234 2049 1277 2113 ad
1369 2113 1375 2123 ,

225 2148 319 2213 illum
334 2169 472 2224 sensum,
490 2148 524 2213 N
526 2170 569 2212 on
592 2171 665 2213 sum
681 2148 792 2213 falsus¹
809 2148 974 2235 propheta,
996 2155 1034 2214 ut
1057 2153 1095 2214 tu
1118 2150 1276 2230 Amasim,

225 2250 278 2315 vel
301 2249 344 2314 ad
366 2249 455 2315 hune
476 2272 614 2330 sensum,
639 2250 673 2313 N
675 2271 717 2314 on
743 2271 815 2315 sum
841 2251 1036 2316 naturaliter
1059 2274 1117 2338 per
1141 2252 1212 2316 me²
1236 2275 1279 2318 ex

225 2350 348 2437 specie³
375 2352 430 2417 vel
460 2374 578 2439 genere
608 2352 767 2438 propheta
779 2377 787 2431 ;
821 2354 899 2436 quia
929 2354 1071 2418 secunda
1100 2356 1278 2440 propositio

224 2461 275 2519 est
301 2455 515 2541 intelligenda
540 2454 627 2539 quod
651 2475 716 2518 non
744 2460 794 2519 est
818 2455 905 2518 filius
932 2456 1098 2540 prophetea
1121 2477 1162 2520 ex
1184 2464 1278 2541 patre

225 2557 347 2622 earnali
369 2556 578 2621 immediate:
604 2577 677 2620 cum
693 2560 819 2621 eertum
834 2563 893 2632 est,
910 2557 952 2620 ad
975 2557 1109 2622 modum
1124 2557 1280 2642 loquendi

226 2657 413 2746 Scriptura,
454 2658 541 2743 quod
581 2657 683 2721 Amas
729 2665 779 2723 est
818 2658 905 2722 filius
936 2657 1089 2739 Abrahae,
1120 2663 1154 2723 et
1191 2660 1278 2724 filins

224 2761 342 2839 Adam,
370 2782 510 2847 quornm
534 2765 682 2845 uterque,
710 2759 795 2824 sieut
825 2766 859 2827 et
889 2760 946 2824 alii
976 2766 1086 2846 patres
1112 2761 1171 2837 sui,
1200 2769 1278 2828 sunt

224 2863 392 2948 prophetae
430 2863 541 2948 magni
579 2883 637 2948 pro
685 2867 831 2947 tempore
869 2884 936 2937 suo,
976 2867 1010 2928 et
1046 2884 1088 2928 ne
1125 2863 1278 2929 credatur

225 2963 428 3049 Scripturam
469 2986 592 3028 sacram
631 2963 807 3049 utrobique
845 2963 891 3028 sie
929 2964 1128 3030 incareerare
1166 2966 1276 3041 rerba,

224 3065 318 3130 addit
349 3067 457 3139 tertio,
496 3064 633 3151 pulchra
679 3065 896 3130 alternatione
934 3066 1172 3151 amplificanda,
1211 3068 1279 3135 Sed

224 3167 463 3232 ‹armentar-ios
489 3188 568 3231 sarm
591 3165 755 3232 aella'eona
778 3167 964 3232 alumnatus.
1011 3168 1135 3254 Arguit
1164 3175 1276 3235 autem

225 3269 349 3333 Doctor
367 3291 408 3332 ex
430 3268 527 3333 dictis
547 3269 610 3334 isto
634 3268 738 3351 modo.
783 3269 905 3334 Patrae
923 3268 1034 3333 oootri
1057 3278 1277 3354 peccauerunt

225 3378 256 3435 et
281 3392 353 3434 aaa
380 3377 489 3448 aare&
514 3392 590 3456 ergo
617 3371 728 3455 aliqua
752 3370 895 3445 fuerunt,
923 3392 997 3455 quae
1021 3392 1089 3435 non
1115 3377 1215 3451 sunt;
1240 3380 1277 3438 et

223 3474 269 3537 sie
300 3473 485 3558 oppositum
523 3473 691 3557 opinionis.
751 3472 901 3537 Concedo
939 3473 1211 3557 eonsequentiam,
1243 3481 1278 3540 et

224 3596 308 3660 nego
331 3575 498 3638 minorem.
544 3573 615 3637 Nee
642 3572 811 3659 Scriptura
831 3575 940 3659 aliqua
964 3573 1046 3638 dicit
1065 3574 1152 3660 quod
1167 3581 1277 3662 patres

224 3675 326 3760 aliqui
356 3697 423 3739 non
460 3678 546 3749 sunt,
579 3680 638 3740 aut
668 3676 757 3760 quod
794 3676 904 3760 aliqua
933 3675 1069 3742 filerunt
1098 3698 1173 3762 quae
1209 3701 1277 3744 non

223 3783 323 3841 sunt:
359 3798 418 3840 nee
445 3782 495 3840 est
525 3776 620 3852 color,
646 3776 674 3840 si
705 3776 875 3862 Scriptura
902 3777 982 3843 dicit
1008 3779 1107 3843 istam
1133 3783 1276 3867 proposi-

223 3879 348 3942 tionem
379 3899 452 3961 quae
492 3878 602 3963 signat
632 3879 688 3952 ita,
720 3880 807 3963 quod
845 3901 912 3943 non
949 3887 1028 3944 sunt
1063 3903 1159 3962 nune,
1198 3905 1275 3969 ergo

224 3979 303 4044 dicit
324 3980 411 4063 quod
432 4001 497 4044 non
519 3985 604 4043 sunt
652 3980 758 4043 lmmo
782 3981 827 4045 sie
850 3987 994 4066 arguunt
1014 3983 1168 4069 sophistae
1187 3984 1276 4069 quod

224 4080 375 4146 Christus
390 4087 440 4146 est
463 4079 677 4166 blasphemus,
695 4082 772 4166 quia
794 4083 862 4168 ipse
885 4082 965 4147 dicit
988 4084 1077 4169 quod
1099 4091 1150 4150 est
1171 4108 1275 4150 unum

222 4182 486 4247 substantialiter
509 4204 584 4247 eum
611 4182 717 4257 Patre,
749 4189 784 4248 et
814 4183 902 4268 quod
932 4184 1130 4250 daemonium
1165 4186 1273 4263 habet,

222 4304 301 4369 ergo
330 4287 381 4348 est
409 4283 625 4370 blasphemus.
672 4284 783 4358 Minor
812 4291 905 4371 patet
934 4306 977 4350 ex
1007 4286 1184 4376 Scriptura
1230 4288 1276 4355 Et

257 4569 263 4598 ¹
270 4566 371 4636 sabee]
384 4569 455 4628 falsa,
466 4569 522 4620 MS.
741 4582 747 4592 ·
811 4573 923 4640 ἐμεῖο]
936 4588 987 4642 spe,
998 4573 1054 4625 MS.

255 4650 265 4684 ²
276 4648 325 4714 me]
340 4663 375 4711 ae,
387 4648 444 4702 MS.
