3158 5490
241 638 308 703 490
645 648 825 699 seratum
846 648 896 699 or

239 842 345 901 totam
368 836 609 901 ordinationem
627 832 762 902 Christi¹
787 834 996 899 subvertere.
1044 832 1111 899 Vel
1132 832 1165 897 si
1180 832 1318 917 fingatur

238 938 326 1021 quod
347 937 426 1001 ista²
447 943 593 1023 potestas
613 934 816 1003 solummodo
829 939 881 1000 est
900 935 947 1001 ad
969 935 1119 1011 bonum,
1135 952 1241 1019 qmre
1253 952 1313 995 nou

238 1039 311 1103 vult
341 1060 376 1103 se
406 1044 441 1103 et
470 1061 582 1104 omnes
611 1036 754 1104 viante&
782 1041 883 1121 atque
926 1037 1133 1123 purgandos
1164 1058 1187 1100 a
1220 1054 1311 1119 μω

238 1143 273 1205 ct
301 1138 334 1203 a*
363 1140 458 1227 culpa
481 1141 675 1206 absolveret
729 1138 814 1206 (lum
840 1138 948 1224 igitur
970 1160 1037 1225 pro
1065 1137 1197 1203 minori
1218 1134 1308 1221 culpe

238 1263 337 1325 quam
368 1241 452 1307 foret
481 1242 559 1307 tulis
580 1241 751 1328 usurpatio
773 1240 949 1326 potcstatis
970 1241 1113 1318 divinae,
1139 1236 1305 1303 Abiuthsr

238 1343 302 1407 fuit
329 1365 350 1407 a
378 1343 552 1410 Salomone
584 1344 759 1430 depositus,
786 1346 826 1406 ut
855 1346 951 1426 patet
981 1343 1003 1407 3
1030 1342 1173 1428 Regum
1195 1356 1233 1405 11.
1254 1340 1302 1415 27,

239 1444 357 1509 Petrus
379 1467 400 1510 a
420 1446 524 1512 Paulo
548 1447 584 1510 in
607 1446 689 1511 facie
706 1442 919 1530 reprehensus
933 1442 1048 1509 Galat
1071 1460 1110 1509 ιι
1129 1446 1186 1521 ll,
1209 1442 1304 1506 immo

238 1546 336 1611 multi
365 1569 460 1633 papae
490 1548 534 1613 ab
560 1545 813 1634 imperatoribus
843 1544 1042 1631 stragibus
1073 1544 1231 1631 depositi,
1266 1548 1302 1607 ut

238 1653 351 1714 namet
378 1648 559 1715 Oestrensis
584 1649 620 1713 in
650 1671 709 1714 suo
733 1645 956 1712 Polieronicou
980 1646 1072 1711 libro
1095 1662 1129 1711 v,
1161 1650 1200 1711 et
1224 1644 1299 1711 duo

237 1749 300 1815 bus
326 1751 545 1835 sequentibus,
573 1750 655 1836 quid
678 1751 826 1815 moveret
855 1747 968 1813 fideles
991 1748 1088 1834 quod
1110 1770 1183 1813 non
1206 1746 1298 1812 hodie

238 1853 409 1917 constituti
434 1853 469 1916 in
491 1853 607 1938 majori
629 1851 773 1938 periculo
792 1854 906 1914 eontra
927 1845 1120 1915 inlinitum⁶
1141 1848 1296 1935 mejom

107 1986 115 2001 ·
238 1952 302 2016 Dei
324 1953 479 2039 injuriam
508 1957 775 2019 murmurarentl
830 1950 921 2016 Nam
950 1948 1085 2017 habito⁶
1115 1951 1184 2017 isto
1214 1950 1296 2015 bles·

237 2052 354 2138 phemo
385 2055 561 2139 porismate
599 2054 692 2121 facilc
729 2063 814 2123 esset
849 2054 916 2122 sibi
952 2054 1151 2119 subvertere
1190 2058 1295 2119 totum

237 2156 405 2231 muudum,
437 2178 513 2222 cum
543 2180 585 2223 ex
616 2161 781 2225 sententia
805 2167 966 2245 tanquam
996 2156 1161 2221 canonica
1193 2156 1294 2241 impe·

236 2261 326 2321 trata
347 2264 456 2343 posset
478 2282 564 2345 papo
589 2282 664 2326 cum
691 2267 763 2327 toto
789 2262 873 2327 clero
898 2280 958 2324 sno
987 2279 1121 2336 uxores,
1147 2257 1235 2322 filias
1261 2262 1294 2321 et

236 2359 346 2423 omnia
376 2360 464 2425 bona
485 2360 642 2427 laicorum
673 2385 786 2450 rapere
819 2368 854 2429 ot
879 2361 983 2437 abuti,
1014 2361 1089 2425 sins
1120 2360 1184 2426 hoc
1208 2358 1294 2446 qnod

236 2460 333 2526 lioeut
357 2461 404 2527 eis
427 2463 576 2529 resistere
587 2489 596 2543 ;
621 2465 707 2549 quia,
730 2472 769 2531 ut
789 2465 919 2544 dicitur,
940 2484 1008 2528 non
1028 2462 1111 2527 licet
1132 2463 1189 2527 vel
1211 2460 1295 2547 ised·

236 2563 297 2627 bus
320 2564 446 2630 aniene
461 2566 635 2651 quicquam
658 2589 679 2631 a
701 2567 832 2645 clericis,
848 2587 909 2631 nec
929 2565 1007 2629 licet
1029 2564 1115 2629 luico
1140 2563 1292 2629 clericum

234 2664 394 2750 corripere
420 2668 474 2731 vel
501 2664 673 2753 quicquid⁷
705 2668 818 2735 fecerit
847 2687 1020 2745 accusem
1057 2665 1117 2730 sed
1148 2666 1178 2730 si
1207 2686 1293 2751 papa

236 2767 410 2852 quicquam
426 2770 612 2846 decreverit,
630 2792 668 2834 eo
690 2771 761 2857 ipso
781 2770 852 2856 ejus
871 2768 1008 2834 arbitrio
1027 2772 1081 2833 est
1099 2767 1291 2853 parendum.

237 2867 281 2931 Et
315 2869 380 2933 ista
408 2871 566 2936 videntur
598 2871 711 2936 multis
733 2872 879 2937 millibus
908 2871 1067 2935 laicorum
1102 2870 1139 2933 in
1171 2868 1289 2943 seculo,

236 2990 375 3053 quorum
398 2972 535 3037 interest
566 2973 601 3036 in
638 2975 701 3039 isto
739 2976 895 3053 resistere,
934 2994 1048 3059 sapere
1086 2974 1290 3059 pravitatem

235 3071 447 3138 excedentem
467 3074 618 3140 haeresim
640 3074 869 3162 Begardorum.

66 3178 166 3233 Iacche
279 3172 313 3237 N
315 3195 356 3238 on
372 3175 543 3241 resistatur
559 3177 662 3263 igitur
683 3179 744 3243 tali
767 3184 806 3245 ut
826 3200 920 3265 papae
941 3178 996 3244 vel
1019 3177 1155 3260 clerico;
1177 3177 1243 3254 sed,
1258 3176 1285 3242 si

65 3246 278 3376 &23thst
300 3275 377 3341 talis
399 3278 565 3361 pertinax,
592 3285 750 3365 tanquam
773 3281 905 3345 inimico
929 3280 1054 3347 Christi
1076 3278 1287 3346 ecclesiast·

65 3386 148 3429 notu
233 3377 372 3462 pessimo
394 3379 594 3445 antichristo.
640 3382 718 3446 Non
740 3383 827 3448 enim
850 3383 949 3448 debet
971 3380 1186 3447 christianus⁹
1212 3405 1286 3469 sup

64 3444 197 3559 mm
232 3501 359 3564 ponere,
383 3480 446 3544 nisi
478 3481 601 3548 factum
624 3484 795 3551 manifeste
825 3485 979 3559 docuerit,
1011 3485 1101 3570 qnod
1123 3485 1169 3549 sit
1200 3485 1283 3559 tulis,

65 3578 196 3641 ⁰¹¹01117⁰s
231 3579 318 3643 sed¹⁰
341 3580 426 3645 facto
449 3581 509 3647 hoc
531 3584 703 3650 manifeste
718 3586 887 3663 clamante,
903 3584 1033 3651 debet¹¹
1055 3586 1120 3650 sibi
1136 3586 1285 3652 resistere

64 3640 156 3694 chrm·
230 3686 388 3768 tanquam
411 3683 512 3769 capiti
534 3685 677 3753 ecclesiis
698 3687 959 3775 malignantium,
974 3692 1011 3753 et
1025 3688 1198 3775 principali
1216 3688 1284 3753 bes-

264 4007 429 4076 'salver-tere]
464 4011 591 4063 destruere
608 4012 649 4063 vel
671 4012 730 4064 sub·
808 4011 1208 4080 'eccheioeet10teoolesioe,0.

228 4096 334 4150 vertere,
349 4090 377 4141 C.
809 4091 897 4143 ’debet
911 4091 1075 4159 christianus]
1114 4094 1186 4143 decet
1202 4091 1281 4143 chris·

262 4167 273 4196 ²
284 4168 345 4233 isla]
364 4169 432 4231 istas,
444 4169 473 4221 O.
774 4171 850 4232 tiano,
861 4170 891 4223 C.

262 4247 389 4311 ’ωἀπίω]
408 4248 528 4310 virentes,
541 4249 571 4301 0.
809 4250 893 4317 Ιἐεᾰ]
921 4251 965 4301 aad
983 4249 1006 4301 si
1024 4250 1058 4302 sit
1079 4250 1139 4301 lulis
1161 4251 1277 4316 pertinax

262 4327 271 4355 ⁴
282 4325 312 4390 a]
332 4341 380 4374 om.
393 4325 423 4376 C.
773 4331 824 4391 sed,
838 4330 866 4381 C.
892 4330 1018 4395 lepestes
1029 4330 1096 4381 stom
1107 4330 1151 4382 the
1161 4330 1278 4397 previous

260 4404 271 4434 ⁸
288 4404 418 4469 infinitum]
438 4421 511 4469 quem
528 4405 675 4470 institutum,
686 4406 714 4459 C.
773 4417 899 4461 sentence.

259 4481 374 4547 'latim
394 4498 442 4533 om.
455 4483 484 4535 C.
808 4491 824 4520 ¹¹
837 4488 918 4554 deber]
938 4488 1017 4552 decet,
1030 4488 1062 4542 C.

260 4561 406 4627 'quicquidJ
425 4563 567 4629 quicquam,
579 4565 612 4614 V.
