3008 5490
539 703 718 756 reuersum
741 704 963 756 marmorum
1211 694 1274 757 ³15

270 891 355 958 cum
389 912 493 977 nuper
526 888 633 956 facta¹
658 912 717 975 per
752 889 887 956 fratrem
927 891 1107 956 Henn'cum
1134 891 1276 978 Orumpe
1287 906 1378 974 fleury

177 1052 182 1059 .
225 992 429 1069 monachum,
450 997 617 1078 regentem
640 992 677 1056 in
699 1014 790 1057 sacra
811 991 976 1079 theologia
998 992 1034 1056 in
1060 994 1276 1058 universitate
1287 971 1398 1105 Q?

225 1094 384 1182 praedicta
418 1093 513 1180 gravi
549 1093 753 1178 querimonia
782 1093 931 1178 qualiter,
958 1095 1168 1159 coassistente
1204 1095 1275 1180 ipso
1287 1107 1444 1222 fflffl

225 1195 406 1262 venerabili
443 1199 536 1282 patre
571 1194 820 1280 Amhiepiscopo
852 1194 1088 1274 cantuariensi,
1127 1201 1161 1260 et
1203 1195 1435 1300 aliissuspension

225 1296 392 1383 mngith'itt
410 1296 446 1360 in
463 1295 629 1382 theologia
648 1295 685 1360 in
704 1295 840 1361 civitate
867 1296 1118 1374 Londoniarum,
1142 1297 1178 1361 in
1202 1318 1276 1363 con·
1287 1304 1322 1367 by
1333 1303 1376 1380 tlte
1388 1303 1444 1354 uni·

226 1397 437 1463 damnatione
478 1397 681 1462 diversarum
719 1397 961 1462 conclusionum
1002 1420 1209 1463 erronearum
1243 1378 1390 1463 et⁷⁰¹⁸¹²7'

225 1498 462 1574 haeretiomm,
496 1519 556 1563 vos
599 1498 642 1563 ad
686 1499 927 1585 suggestionem
961 1501 1176 1583 quorumdam
1214 1500 1278 1564 sibi

225 1599 481 1678 adversantium,
526 1601 865 1687 pretendentiumque
905 1621 1016 1684 paoem
1053 1600 1278 1665 universitatis

224 1701 391 1788 pnedietae
419 1723 476 1788 per
504 1702 612 1787 ipsum
643 1700 823 1765 Henricum
853 1700 890 1763 in
918 1701 1036 1764 ultima
1068 1701 1192 1766 lectura
1220 1722 1280 1766 sua

224 1802 264 1866 in
288 1801 406 1866 sobolis
427 1802 515 1867 saeta
540 1802 698 1867 violatam
722 1801 829 1877 fuisse,
855 1802 994 1866 eundem
1023 1800 1157 1868 fratrem
1188 1801 1279 1868 Hen-

224 1902 332 1968 ticum
346 1902 390 1967 sd
409 1903 669 1988 respondendum
683 1900 779 1967 inde²
793 1922 901 1967 coram
916 1901 1009 1967 vobis
1025 1908 1204 1981 evocatum,
1220 1925 1280 1989 pro

225 2025 267 2070 eo
291 2002 380 2092 quod
404 1992 516 2068 coram
534 2003 630 2068 vobis
654 2024 723 2068 non
745 2004 936 2090 comparuit,
952 2004 1049 2069 sicuti
1071 2026 1137 2068 non
1159 2006 1279 2090 potuit,

225 2104 466 2193 pronuntiastis
495 2108 727 2180 contumacem,
760 2110 794 2169 et
831 2105 872 2168 de
908 2105 996 2190 pacis
1033 2105 1279 2192 perturbatione

225 2206 423 2283 oenvictum,
444 2226 504 2292 per
525 2206 613 2291 quod
634 2206 742 2291 ipsum
767 2204 948 2270 Henricum
972 2206 1014 2271 ab
1037 2207 1165 2273 actibus
1189 2207 1279 2272 scho-

223 2307 349 2372 lasticis
382 2313 417 2372 et
447 2307 572 2373 lectura
602 2306 836 2392 suspendistis:
871 2307 1040 2372 dedimus³
1068 2308 1162 2374 vobis
1192 2309 1278 2374 diem

221 2407 296 2494 jam
312 2408 466 2495 elapsum,
485 2430 545 2495 per
566 2409 666 2472 breve
686 2412 842 2484 nostrum,
867 2410 992 2474 essendi
1014 2430 1120 2474 coram
1144 2409 1279 2474 concilio

226 2514 339 2574 nostro
360 2510 450 2596 apud
465 2509 800 2585 Westmonasterium,
819 2508 879 2573 ad⁴
900 2511 1159 2596 respondendum
1182 2530 1280 2594 supra

226 2610 409 2697 premissis,
435 2615 470 2675 et
495 2609 539 2674 ad
568 2611 719 2694 quaedam
748 2609 814 2674 alia
836 2606 930 2674 inde⁶
959 2610 1114 2687 facienda,
1144 2629 1218 2694 quae
1243 2610 1279 2672 in

227 2710 323 2776 brevi
345 2711 501 2797 praedicto
525 2712 707 2797 expressius
727 2708 958 2774 continentur.⁶

274 2811 380 2898 Super
404 2831 478 2898 quo,
502 2812 641 2876 materia
669 2811 827 2898 praedicta
855 2816 890 2874 et
919 2810 986 2875 suis
1016 2810 1275 2890 circumstantiis,
1289 2814 1439 2895 'tigrius

227 2934 337 2978 coram
366 2911 453 2978 dicto
490 2912 641 3007 concilio⁸
660 2918 781 2988 nostro,
820 2910 1035 2997 praesentibus
1071 2912 1165 2977 vobis
1202 2885 1422 2999 erraffsstffssnssiss'}ed

228 3014 374 3093 minatis,
404 3015 532 3079 rimatis
557 3019 593 3078 et
624 3014 767 3099 plenarie
794 3013 975 3092 intellectis,
1000 3035 1058 3099 per
1088 3014 1174 3078 idem
1204 3017 1438 3092 con-Qorder

228 3115 340 3181 cilium
369 3120 527 3192 nostrum,
558 3115 723 3179 decretum
753 3120 787 3179 et
824 3114 1063 3179 sententialiter
1101 3113 1278 3180 diffinitum
1289 3082 1446 3207 gamm

228 3217 346 3282 extitit
366 3221 474 3281 toturn
499 3236 681 3300 processum
697 3236 809 3280 versus
832 3216 1005 3301 praefatum
1027 3215 1161 3281 fratrem
1187 3215 1278 3281 Hen-

228 3318 342 3394 ricum,
372 3316 591 3381 occasionibus
621 3315 795 3401 praemissis
825 3316 975 3382 habitum
1012 3323 1111 3403 atque
1146 3318 1277 3395 factum,

228 3440 304 3483 curn
334 3418 424 3481 omni
453 3439 491 3481 eo
517 3418 605 3501 quod
635 3416 754 3482 exinde
784 3423 834 3482 est
862 3424 1020 3496 secutum,
1044 3440 1112 3483 esse
1141 3419 1278 3497 nullum,

229 3519 423 3595 invalidum,
449 3517 587 3595 irritum,
612 3524 647 3582 et
673 3518 812 3593 inanem,
837 3519 1007 3604 ipsumque
1031 3517 1212 3585 Hernicum
1237 3522 1280 3585 ad

228 3626 322 3684 actus
343 3619 559 3695 scholasticos,
590 3623 624 3682 et
654 3625 841 3684 consuetam
879 3618 1058 3697 lecturam!
1088 3628 1123 3684 et
1152 3627 1277 3686 statum

229 3721 405 3807 pristinum
430 3719 677 3795 restituendum,
703 3726 738 3784 et
764 3721 887 3805 pariter
911 3720 1163 3799 admittendum,
1181 3729 1280 3807 prout

229 3821 325 3886 vobis
346 3821 389 3884 ad
412 3820 545 3905 plenum
567 3826 702 3884 constat

244 3922 431 3986 ·Volentes
468 3920 570 4006 igitur
601 3921 765 3985 decretum
795 3926 829 3985 et
860 3920 1088 3985 diffinitionem
1125 3922 1281 4008 praedicta

231 4023 342 4089 debite
372 4023 440 4087 fore
466 4026 610 4099 exesum,
639 4028 673 4087 et
698 4023 844 4087 obtinere
870 4022 1068 4098 firmitatem,
1096 4024 1190 4087 vobis
1216 4025 1280 4088 dis-

265 4352 275 4387 ¹
279 4356 369 4421 sacta]
383 4355 449 4406 iacta
460 4355 539 4415 nobie,
551 4357 580 4406 L.
811 4359 821 4391 ⁸
833 4355 900 4421 inde]
914 4372 962 4405 om.
976 4357 1004 4414 L,
1016 4357 1118 4422 Bymer.

266 4434 356 4499 ιι’κάε]
370 4434 442 4495 mibi,
455 4435 489 4485 A.
812 4436 996 4502 ‘contiacum
1014 4437 1162 4495 continetur,
1174 4436 1276 4500 Rymcr.

266 4512 610 4657 :ggitffifferimmk
622 4515 726 4580 Bymcr.
813 4513 960 4580 ’actmnj
973 4516 1092 4566 lecturtm
1104 4514 1195 4578 (tbus),
1208 4515 1241 4563 Λ.
