<?xml version="1.0" encoding="UTF-8"?>
<!DOCTYPE html PUBLIC "-//W3C//DTD XHTML 1.0 Transitional//EN"
    "http://www.w3.org/TR/xhtml1/DTD/xhtml1-transitional.dtd">
<html xmlns="http://www.w3.org/1999/xhtml" xml:lang="en" lang="en">
 <head>
  <title>
</title>
<meta http-equiv="Content-Type" content="text/html;charset=utf-8" />
  <meta name='ocr-system' content='tesseract 3.04.00' />
  <meta name='ocr-capabilities' content='ocr_page ocr_carea ocr_par ocr_line ocrx_word'/>
</head>
<body>
  <div class='ocr_page' id='page_1' title='image "./fasciculizizani00nettgoog_0130.png"; bbox 0 0 3008 5490; ppageno 0'>
   <div class='ocr_carea' id='block_1_1' title="bbox 536 701 1387 767">
    <p class='ocr_par' dir='ltr' id='par_1_1' title="bbox 536 701 1387 767">
     <span class='ocr_line' id='line_1_1' title="bbox 536 701 1387 767; baseline 0.012 -11"><span class='ocrx_word' id='word_1_1' title='bbox 536 704 716 757; x_wconf 63' lang='lat' dir='ltr'>russeum</span> <span class='ocrx_word' id='word_1_2' title='bbox 738 705 963 760; x_wconf 78' lang='lat' dir='ltr'>zmuuroauu</span> <span class='ocrx_word' id='word_1_3' title='bbox 1233 701 1274 764; x_wconf 81' lang='lat'>29</span> <span class='ocrx_word' id='word_1_4' title='bbox 1384 762 1387 767; x_wconf 83' lang='grc'>,</span> 
     </span>
    </p>
   </div>
   <div class='ocr_carea' id='block_1_2' title="bbox 232 890 1276 981">
    <p class='ocr_par' dir='ltr' id='par_1_2' title="bbox 232 890 1276 981">
     <span class='ocr_line' id='line_1_2' title="bbox 232 890 1276 981; baseline 0.001 -21"><span class='ocrx_word' id='word_1_5' title='bbox 232 899 295 960; x_wconf 81' lang='lat' dir='ltr'>erat</span> <span class='ocrx_word' id='word_1_6' title='bbox 315 894 406 980; x_wconf 93' lang='lat' dir='ltr'>quod</span> <span class='ocrx_word' id='word_1_7' title='bbox 429 893 474 957; x_wconf 83' lang='lat' dir='ltr'>ad</span> <span class='ocrx_word' id='word_1_8' title='bbox 496 892 585 958; x_wconf 91' lang='lat' dir='ltr'>idern</span> <span class='ocrx_word' id='word_1_9' title='bbox 610 890 752 959; x_wconf 87' lang='lat' dir='ltr'>officium</span> <span class='ocrx_word' id='word_1_10' title='bbox 775 893 904 970; x_wconf 73' lang='lat' dir='ltr'>rediret,</span> <span class='ocrx_word' id='word_1_11' title='bbox 928 915 966 959; x_wconf 93' lang='lat' dir='ltr'>eo</span> <span class='ocrx_word' id='word_1_12' title='bbox 993 895 1081 980; x_wconf 90' lang='lat' dir='ltr'>quod</span> <span class='ocrx_word' id='word_1_13' title='bbox 1105 896 1276 981; x_wconf 70' lang='lat' dir='ltr'>prophetia</span> 
     </span>
    </p>
   </div>
   <div class='ocr_carea' id='block_1_3' title="bbox 224 995 1440 4334">
    <p class='ocr_par' dir='ltr' id='par_1_3' title="bbox 224 995 1440 4334">
     <span class='ocr_line' id='line_1_3' title="bbox 231 995 1275 1082; baseline 0.001 -21"><span class='ocrx_word' id='word_1_14' title='bbox 231 998 292 1082; x_wconf 87' lang='lat' dir='ltr'>ejus</span> <span class='ocrx_word' id='word_1_15' title='bbox 313 995 605 1061; x_wconf 70' lang='lat' dir='ltr'><strong>contemnebatur:</strong></span> <span class='ocrx_word' id='word_1_16' title='bbox 630 995 703 1059; x_wconf 91' lang='lat' dir='ltr'>ideo</span> <span class='ocrx_word' id='word_1_17' title='bbox 727 995 902 1081; x_wconf 91' lang='lat' dir='ltr'>pristinum</span> <span class='ocrx_word' id='word_1_18' title='bbox 926 1001 1050 1061; x_wconf 88' lang='lat' dir='ltr'>statum</span> <span class='ocrx_word' id='word_1_19' title='bbox 1073 996 1223 1072; x_wconf 80' lang='lat' dir='ltr'>recolens,</span> <span class='ocrx_word' id='word_1_20' title='bbox 1241 1004 1275 1062; x_wconf 94' lang='lat' dir='ltr'>et</span> 
     </span>
     <span class='ocr_line' id='line_1_4' title="bbox 230 1097 1274 1186; baseline -0.001 -22"><span class='ocrx_word' id='word_1_21' title='bbox 230 1100 305 1164; x_wconf 83' lang='lat' dir='ltr'>forte</span> <span class='ocrx_word' id='word_1_22' title='bbox 315 1099 542 1186; x_wconf 90' lang='lat' dir='ltr'>propinquum</span> <span class='ocrx_word' id='word_1_23' title='bbox 554 1098 694 1172; x_wconf 86' lang='lat' dir='ltr'>credens,</span> <span class='ocrx_word' id='word_1_24' title='bbox 706 1097 793 1162; x_wconf 84' lang='lat' dir='ltr'>dixit</span> <span class='ocrx_word' id='word_1_25' title='bbox 807 1120 841 1162; x_wconf 90' lang='lat' dir='ltr'>se</span> <span class='ocrx_word' id='word_1_26' title='bbox 857 1119 924 1163; x_wconf 88' lang='lat' dir='ltr'>esse</span> <span class='ocrx_word' id='word_1_27' title='bbox 936 1099 1171 1163; x_wconf 88' lang='lat' dir='ltr'>armentarium</span> <span class='ocrx_word' id='word_1_28' title='bbox 1181 1099 1274 1163; x_wconf 87' lang='lat' dir='ltr'>velli-</span> 
     </span>
     <span class='ocr_line' id='line_1_5' title="bbox 230 1199 1272 1286; baseline -0.002 -21"><span class='ocrx_word' id='word_1_29' title='bbox 230 1208 349 1267; x_wconf 82' lang='lat' dir='ltr'>cantem</span> <span class='ocrx_word' id='word_1_30' title='bbox 365 1199 560 1265; x_wconf 85' lang='lat' dir='ltr'>sicomoros¹</span> <span class='ocrx_word' id='word_1_31' title='bbox 609 1199 680 1264; x_wconf 89' lang='lat' dir='ltr'>Neo</span> <span class='ocrx_word' id='word_1_32' title='bbox 699 1199 820 1264; x_wconf 90' lang='lat' dir='ltr'>mirum</span> <span class='ocrx_word' id='word_1_33' title='bbox 835 1199 864 1264; x_wconf 89' lang='lat' dir='ltr'>si</span> <span class='ocrx_word' id='word_1_34' title='bbox 879 1200 1072 1285; x_wconf 71' lang='lat' dir='ltr'>loquebatur</span> <span class='ocrx_word' id='word_1_35' title='bbox 1088 1200 1272 1286; x_wconf 91' lang='lat' dir='ltr'>improprie,</span> 
     </span>
     <span class='ocr_line' id='line_1_6' title="bbox 231 1300 1272 1389; baseline 0 -22"><span class='ocrx_word' id='word_1_36' title='bbox 231 1304 301 1388; x_wconf 85' lang='lat' dir='ltr'>quia</span> <span class='ocrx_word' id='word_1_37' title='bbox 317 1301 466 1389; x_wconf 75' lang='lat' dir='ltr'>Spiritus</span> <span class='ocrx_word' id='word_1_38' title='bbox 482 1300 624 1369; x_wconf 84' lang='lat' dir='ltr'>Sanetus</span> <span class='ocrx_word' id='word_1_39' title='bbox 645 1301 855 1367; x_wconf 70' lang='lat' dir='ltr'>subtraxerat</span> <span class='ocrx_word' id='word_1_40' title='bbox 869 1302 911 1366; x_wconf 91' lang='lat' dir='ltr'>ab</span> <span class='ocrx_word' id='word_1_41' title='bbox 926 1322 964 1366; x_wconf 92' lang='lat' dir='ltr'>eo</span> <span class='ocrx_word' id='word_1_42' title='bbox 978 1324 1038 1386; x_wconf 91' lang='lat' dir='ltr'>pro</span> <span class='ocrx_word' id='word_1_43' title='bbox 1055 1306 1136 1366; x_wconf 89' lang='lat' dir='ltr'>tuno</span> <span class='ocrx_word' id='word_1_44' title='bbox 1150 1302 1272 1367; x_wconf 92' lang='lat' dir='ltr'>donum</span> 
     </span>
     <span class='ocr_line' id='line_1_7' title="bbox 229 1402 1250 1491; baseline 0 -21"><span class='ocrx_word' id='word_1_45' title='bbox 229 1404 422 1491; x_wconf 80' lang='lat' dir='ltr'>prophetiae;</span> <span class='ocrx_word' id='word_1_46' title='bbox 445 1409 481 1470; x_wconf 90' lang='lat' dir='ltr'>et</span> <span class='ocrx_word' id='word_1_47' title='bbox 494 1404 541 1468; x_wconf 88' lang='lat' dir='ltr'>sic</span> <span class='ocrx_word' id='word_1_48' title='bbox 553 1402 625 1469; x_wconf 85' lang='lat' dir='ltr'>haec</span> <span class='ocrx_word' id='word_1_49' title='bbox 638 1404 813 1468; x_wconf 85' lang='lat' dir='ltr'>auctoritas</span> <span class='ocrx_word' id='word_1_50' title='bbox 828 1425 894 1468; x_wconf 89' lang='lat' dir='ltr'>non</span> <span class='ocrx_word' id='word_1_51' title='bbox 908 1404 1026 1489; x_wconf 90' lang='lat' dir='ltr'>probat</span> <span class='ocrx_word' id='word_1_52' title='bbox 1040 1404 1250 1489; x_wconf 87' lang='lat' dir='ltr'>propositum.</span> 
     </span>
     <span class='ocr_line' id='line_1_8' title="bbox 271 1504 1440 1592; baseline -0.001 -22"><span class='ocrx_word' id='word_1_53' title='bbox 271 1506 416 1592; x_wconf 87' lang='lat' dir='ltr'>Septima</span> <span class='ocrx_word' id='word_1_54' title='bbox 436 1510 472 1570; x_wconf 91' lang='lat' dir='ltr'>et</span> <span class='ocrx_word' id='word_1_55' title='bbox 492 1510 609 1571; x_wconf 86' lang='lat' dir='ltr'>octava</span> <span class='ocrx_word' id='word_1_56' title='bbox 622 1510 790 1591; x_wconf 89' lang='lat' dir='ltr'>ponuntur</span> <span class='ocrx_word' id='word_1_57' title='bbox 804 1505 1006 1570; x_wconf 84' lang='lat' dir='ltr'>Threnorum</span> <span class='ocrx_word' id='word_1_58' title='bbox 1021 1504 1440 1581; x_wconf 63' lang='lat' dir='ltr'>V.²&#39;l;soilicet‚111„0mq1</span> 
     </span>
     <span class='ocr_line' id='line_1_9' title="bbox 232 1595 1439 1712; baseline -0.001 -39"><span class='ocrx_word' id='word_1_59' title='bbox 232 1607 348 1673; x_wconf 75' lang='lat' dir='ltr'>Patra</span> <span class='ocrx_word' id='word_1_60' title='bbox 359 1607 471 1673; x_wconf 79' lang='lat' dir='ltr'>nostri</span> <span class='ocrx_word' id='word_1_61' title='bbox 481 1613 714 1693; x_wconf 75' lang='lat' dir='ltr'>peecaverunt,</span> <span class='ocrx_word' id='word_1_62' title='bbox 730 1613 772 1682; x_wconf 89' lang='lat' dir='ltr'>et,</span> <span class='ocrx_word' id='word_1_63' title='bbox 788 1605 860 1672; x_wconf 87' lang='lat' dir='ltr'>Nos</span> <span class='ocrx_word' id='word_1_64' title='bbox 875 1614 1053 1692; x_wconf 79' lang='lat' dir='ltr'>portamus</span> <span class='ocrx_word' id='word_1_65' title='bbox 1067 1605 1272 1691; x_wconf 77' lang='lat' dir='ltr'>iaiqaitates</span> <span class='ocrx_word' id='word_1_66' title='bbox 1241 1596 1366 1672; x_wconf 52' lang='lat' dir='ltr'>,sanus</span> <span class='ocrx_word' id='word_1_67' title='bbox 1285 1595 1439 1712; x_wconf 55' lang='grc' dir='ltr'><strong>ΜἯῘῙ)</strong></span> 
     </span>
     <span class='ocr_line' id='line_1_10' title="bbox 234 1707 1440 1795; baseline 0.005 -23"><span class='ocrx_word' id='word_1_68' title='bbox 234 1730 355 1774; x_wconf 69' lang='lat' dir='ltr'>eoram</span> <span class='ocrx_word' id='word_1_69' title='bbox 384 1709 450 1774; x_wconf 90' lang='lat' dir='ltr'>Sed</span> <span class='ocrx_word' id='word_1_70' title='bbox 465 1713 627 1794; x_wconf 88' lang='lat' dir='ltr'>quantum</span> <span class='ocrx_word' id='word_1_71' title='bbox 642 1709 685 1772; x_wconf 90' lang='lat' dir='ltr'>ad</span> <span class='ocrx_word' id='word_1_72' title='bbox 698 1709 837 1795; x_wconf 89' lang='lat' dir='ltr'>primam</span> <span class='ocrx_word' id='word_1_73' title='bbox 852 1708 1090 1783; x_wconf 85' lang='lat' dir='ltr'>auctoritatem,</span> <span class='ocrx_word' id='word_1_74' title='bbox 1104 1707 1247 1772; x_wconf 87' lang='lat' dir='ltr'>dicitur</span> <span class='ocrx_word' id='word_1_75' title='bbox 1238 1731 1273 1774; x_wconf 88' lang='lat' dir='ltr'>m</span> <span class='ocrx_word' id='word_1_76' title='bbox 1284 1728 1440 1779; x_wconf 71' lang='lat' dir='ltr'>manuam.</span> 
     </span>
     <span class='ocr_line' id='line_1_11' title="bbox 233 1809 1274 1895; baseline -0.001 -20"><span class='ocrx_word' id='word_1_77' title='bbox 233 1815 330 1886; x_wconf 82' lang='lat' dir='ltr'>textu,</span> <span class='ocrx_word' id='word_1_78' title='bbox 342 1809 463 1875; x_wconf 78' lang='lat' dir='ltr'>Patres</span> <span class='ocrx_word' id='word_1_79' title='bbox 474 1809 587 1875; x_wconf 79' lang='lat' dir='ltr'>aostri</span> <span class='ocrx_word' id='word_1_80' title='bbox 598 1817 862 1895; x_wconf 79' lang='lat' dir='ltr'>pcccaceruatct</span> <span class='ocrx_word' id='word_1_81' title='bbox 808 1810 1054 1885; x_wconf 47' lang='lat' dir='ltr'>twaoaaaat,</span> <span class='ocrx_word' id='word_1_82' title='bbox 1066 1813 1100 1873; x_wconf 90' lang='lat' dir='ltr'>et</span> <span class='ocrx_word' id='word_1_83' title='bbox 1115 1809 1274 1895; x_wconf 85' lang='lat' dir='ltr'>Magister</span> 
     </span>
     <span class='ocr_line' id='line_1_12' title="bbox 233 1911 1272 1998; baseline 0.002 -24"><span class='ocrx_word' id='word_1_84' title='bbox 233 1932 316 1976; x_wconf 85' lang='lat' dir='ltr'>meus</span> <span class='ocrx_word' id='word_1_85' title='bbox 329 1912 449 1997; x_wconf 87' lang='lat' dir='ltr'>accipit</span> <span class='ocrx_word' id='word_1_86' title='bbox 461 1913 602 1998; x_wconf 89' lang='lat' dir='ltr'>primam</span> <span class='ocrx_word' id='word_1_87' title='bbox 616 1917 751 1997; x_wconf 87' lang='lat' dir='ltr'>partem,</span> <span class='ocrx_word' id='word_1_88' title='bbox 768 1913 890 1977; x_wconf 89' lang='lat' dir='ltr'>seilicet</span> <span class='ocrx_word' id='word_1_89' title='bbox 904 1912 1019 1976; x_wconf 91' lang='lat' dir='ltr'>Patres</span> <span class='ocrx_word' id='word_1_90' title='bbox 1045 1911 1148 1975; x_wconf 89' lang='lat' dir='ltr'>nostri</span> <span class='ocrx_word' id='word_1_91' title='bbox 1163 1931 1272 1996; x_wconf 89' lang='lat' dir='ltr'>pecca-</span> 
     </span>
     <span class='ocr_line' id='line_1_13' title="bbox 232 2013 1272 2099; baseline 0.002 -23"><span class='ocrx_word' id='word_1_92' title='bbox 232 2019 351 2090; x_wconf 69' lang='lat' dir='ltr'>verunt,</span> <span class='ocrx_word' id='word_1_93' title='bbox 364 2035 424 2099; x_wconf 89' lang='lat' dir='ltr'>pro</span> <span class='ocrx_word' id='word_1_94' title='bbox 440 2014 527 2078; x_wconf 85' lang='lat' dir='ltr'>dioto</span> <span class='ocrx_word' id='word_1_95' title='bbox 542 2014 723 2078; x_wconf 81' lang='lat' dir='ltr'>auctentico</span> <span class='ocrx_word' id='word_1_96' title='bbox 735 2013 914 2099; x_wconf 73' lang='lat' dir='ltr'>Scripturas</span> <span class='ocrx_word' id='word_1_97' title='bbox 928 2035 1036 2089; x_wconf 88' lang='lat' dir='ltr'>sacrae,</span> <span class='ocrx_word' id='word_1_98' title='bbox 1049 2014 1126 2099; x_wconf 91' lang='lat' dir='ltr'>quia</span> <span class='ocrx_word' id='word_1_99' title='bbox 1141 2013 1272 2078; x_wconf 85' lang='lat' dir='ltr'>videtur</span> 
     </span>
     <span class='ocr_line' id='line_1_14' title="bbox 232 2114 1271 2201; baseline 0.002 -21"><span class='ocrx_word' id='word_1_100' title='bbox 232 2114 326 2180; x_wconf 77' lang='lat' dir='ltr'>facere</span> <span class='ocrx_word' id='word_1_101' title='bbox 349 2137 410 2201; x_wconf 90' lang='lat' dir='ltr'>pro</span> <span class='ocrx_word' id='word_1_102' title='bbox 436 2136 474 2179; x_wconf 88' lang='lat' dir='ltr'>eo</span> <span class='ocrx_word' id='word_1_103' title='bbox 486 2139 494 2192; x_wconf 94' lang='lat'>;</span> <span class='ocrx_word' id='word_1_104' title='bbox 516 2115 574 2179; x_wconf 88' lang='lat' dir='ltr'>sed</span> <span class='ocrx_word' id='word_1_105' title='bbox 599 2115 771 2180; x_wconf 89' lang='lat' dir='ltr'>secundam</span> <span class='ocrx_word' id='word_1_106' title='bbox 794 2120 930 2200; x_wconf 89' lang='lat' dir='ltr'>partem,</span> <span class='ocrx_word' id='word_1_107' title='bbox 954 2115 1074 2180; x_wconf 88' lang='lat' dir='ltr'>scilicet</span> <span class='ocrx_word' id='word_1_108' title='bbox 1096 2116 1184 2201; x_wconf 88' lang='lat' dir='ltr'>quod</span> <span class='ocrx_word' id='word_1_109' title='bbox 1205 2139 1271 2182; x_wconf 90' lang='lat' dir='ltr'>non</span> 
     </span>
     <span class='ocr_line' id='line_1_15' title="bbox 232 2216 1268 2303; baseline 0.003 -22"><span class='ocrx_word' id='word_1_110' title='bbox 232 2223 308 2292; x_wconf 74' lang='lat' dir='ltr'>aar,</span> <span class='ocrx_word' id='word_1_111' title='bbox 339 2222 448 2303; x_wconf 89' lang='lat' dir='ltr'>negat,</span> <span class='ocrx_word' id='word_1_112' title='bbox 480 2216 586 2282; x_wconf 81' lang='lat' dir='ltr'>nescio</span> <span class='ocrx_word' id='word_1_113' title='bbox 617 2239 724 2301; x_wconf 90' lang='lat' dir='ltr'>quare,</span> <span class='ocrx_word' id='word_1_114' title='bbox 755 2217 819 2282; x_wconf 90' lang='lat' dir='ltr'>nisi</span> <span class='ocrx_word' id='word_1_115' title='bbox 850 2217 928 2302; x_wconf 92' lang='lat' dir='ltr'>quia</span> <span class='ocrx_word' id='word_1_116' title='bbox 963 2222 1012 2282; x_wconf 91' lang='lat' dir='ltr'>est</span> <span class='ocrx_word' id='word_1_117' title='bbox 1041 2223 1154 2283; x_wconf 91' lang='lat' dir='ltr'>contra</span> <span class='ocrx_word' id='word_1_118' title='bbox 1185 2240 1268 2284; x_wconf 89' lang='lat' dir='ltr'>cum.</span> 
     </span>
     <span class='ocr_line' id='line_1_16' title="bbox 232 2318 1272 2405; baseline 0.001 -22"><span class='ocrx_word' id='word_1_119' title='bbox 232 2318 461 2383; x_wconf 81' lang='lat' dir='ltr'>Verumtamen</span> <span class='ocrx_word' id='word_1_120' title='bbox 495 2338 563 2383; x_wconf 91' lang='lat' dir='ltr'>non</span> <span class='ocrx_word' id='word_1_121' title='bbox 591 2318 687 2382; x_wconf 87' lang='lat' dir='ltr'>video</span> <span class='ocrx_word' id='word_1_122' title='bbox 717 2339 759 2383; x_wconf 84' lang='lat' dir='ltr'>ex</span> <span class='ocrx_word' id='word_1_123' title='bbox 786 2340 849 2403; x_wconf 93' lang='lat' dir='ltr'>quo</span> <span class='ocrx_word' id='word_1_124' title='bbox 876 2318 1088 2384; x_wconf 85' lang='lat' dir='ltr'>fundamento</span> <span class='ocrx_word' id='word_1_125' title='bbox 1118 2321 1272 2405; x_wconf 88' lang='lat' dir='ltr'>procedat</span> 
     </span>
     <span class='ocr_line' id='line_1_17' title="bbox 232 2420 1272 2508; baseline 0.001 -23"><span class='ocrx_word' id='word_1_126' title='bbox 232 2420 293 2485; x_wconf 81' lang='lat' dir='ltr'>haee</span> <span class='ocrx_word' id='word_1_127' title='bbox 307 2420 558 2506; x_wconf 88' lang='lat' dir='ltr'>consequentia;</span> <span class='ocrx_word' id='word_1_128' title='bbox 581 2424 689 2505; x_wconf 88' lang='lat' dir='ltr'>patres</span> <span class='ocrx_word' id='word_1_129' title='bbox 704 2420 807 2484; x_wconf 83' lang='lat' dir='ltr'>nostri</span> <span class='ocrx_word' id='word_1_130' title='bbox 822 2426 1045 2505; x_wconf 87' lang='lat' dir='ltr'>peccaverunt,</span> <span class='ocrx_word' id='word_1_131' title='bbox 1063 2443 1138 2508; x_wconf 89' lang='lat' dir='ltr'>crgo</span> <span class='ocrx_word' id='word_1_132' title='bbox 1162 2424 1272 2487; x_wconf 89' lang='lat' dir='ltr'>omnia</span> 
     </span>
     <span class='ocr_line' id='line_1_18' title="bbox 231 2522 1271 2607; baseline 0 -19"><span class='ocrx_word' id='word_1_133' title='bbox 231 2543 297 2607; x_wconf 86' lang='lat' dir='ltr'>quae</span> <span class='ocrx_word' id='word_1_134' title='bbox 311 2523 446 2587; x_wconf 75' lang='lat' dir='ltr'>fuerumt</span> <span class='ocrx_word' id='word_1_135' title='bbox 460 2525 560 2602; x_wconf 82' lang='lat' dir='ltr'>sunt3</span> <span class='ocrx_word' id='word_1_136' title='bbox 583 2542 656 2586; x_wconf 89' lang='lat' dir='ltr'>cum</span> <span class='ocrx_word' id='word_1_137' title='bbox 677 2526 787 2586; x_wconf 87' lang='lat' dir='ltr'>tamen</span> <span class='ocrx_word' id='word_1_138' title='bbox 801 2522 871 2586; x_wconf 81' lang='lat' dir='ltr'>haec</span> <span class='ocrx_word' id='word_1_139' title='bbox 892 2523 936 2586; x_wconf 91' lang='lat' dir='ltr'>sit</span> <span class='ocrx_word' id='word_1_140' title='bbox 958 2544 1024 2587; x_wconf 90' lang='lat' dir='ltr'>una</span> <span class='ocrx_word' id='word_1_141' title='bbox 1046 2523 1176 2589; x_wconf 87' lang='lat' dir='ltr'>illarum</span> <span class='ocrx_word' id='word_1_142' title='bbox 1199 2530 1271 2588; x_wconf 85' lang='lat' dir='ltr'>octo</span> 
     </span>
     <span class='ocr_line' id='line_1_19' title="bbox 230 2623 1269 2710; baseline 0.001 -23"><span class='ocrx_word' id='word_1_143' title='bbox 230 2623 481 2708; x_wconf 87' lang='lat' dir='ltr'>propositionum</span> <span class='ocrx_word' id='word_1_144' title='bbox 512 2644 553 2687; x_wconf 88' lang='lat' dir='ltr'>ex</span> <span class='ocrx_word' id='word_1_145' title='bbox 585 2645 723 2708; x_wconf 89' lang='lat' dir='ltr'>quarum</span> <span class='ocrx_word' id='word_1_146' title='bbox 746 2623 899 2708; x_wconf 84' lang='lat' dir='ltr'>qualibet,</span> <span class='ocrx_word' id='word_1_147' title='bbox 932 2629 972 2687; x_wconf 92' lang='lat' dir='ltr'>ut</span> <span class='ocrx_word' id='word_1_148' title='bbox 998 2625 1077 2688; x_wconf 88' lang='lat' dir='ltr'>dicit</span> <span class='ocrx_word' id='word_1_149' title='bbox 1104 2624 1269 2710; x_wconf 86' lang='lat' dir='ltr'>Magister,</span> 
     </span>
     <span class='ocr_line' id='line_1_20' title="bbox 229 2724 1273 2810; baseline 0.001 -22"><span class='ocrx_word' id='word_1_150' title='bbox 229 2725 376 2810; x_wconf 89' lang='lat' dir='ltr'>seqnitur</span> <span class='ocrx_word' id='word_1_151' title='bbox 400 2725 521 2790; x_wconf 85' lang='lat' dir='ltr'>veritas</span> <span class='ocrx_word' id='word_1_152' title='bbox 549 2725 718 2810; x_wconf 88' lang='lat' dir='ltr'>positionis</span> <span class='ocrx_word' id='word_1_153' title='bbox 748 2746 822 2790; x_wconf 74' lang='lat' dir='ltr'>sure.</span> <span class='ocrx_word' id='word_1_154' title='bbox 884 2724 990 2788; x_wconf 92' lang='lat' dir='ltr'>Immo</span> <span class='ocrx_word' id='word_1_155' title='bbox 1021 2726 1167 2789; x_wconf 84' lang='lat' dir='ltr'>doctores</span> <span class='ocrx_word' id='word_1_156' title='bbox 1197 2748 1273 2789; x_wconf 89' lang='lat' dir='ltr'>oon-</span> 
     </span>
     <span class='ocr_line' id='line_1_21' title="bbox 230 2823 1273 2912; baseline 0.002 -23"><span class='ocrx_word' id='word_1_157' title='bbox 230 2827 403 2891; x_wconf 87' lang='lat' dir='ltr'>iormantes</span> <span class='ocrx_word' id='word_1_158' title='bbox 433 2848 467 2891; x_wconf 90' lang='lat' dir='ltr'>se</span> <span class='ocrx_word' id='word_1_159' title='bbox 492 2826 589 2891; x_wconf 91' lang='lat' dir='ltr'>modo</span> <span class='ocrx_word' id='word_1_160' title='bbox 612 2825 766 2910; x_wconf 91' lang='lat' dir='ltr'>loquendi</span> <span class='ocrx_word' id='word_1_161' title='bbox 793 2823 970 2912; x_wconf 75' lang='lat' dir='ltr'>Scripturas</span> <span class='ocrx_word' id='word_1_162' title='bbox 995 2825 1140 2890; x_wconf 87' lang='lat' dir='ltr'>dicerent</span> <span class='ocrx_word' id='word_1_163' title='bbox 1165 2827 1273 2911; x_wconf 91' lang='lat' dir='ltr'>potius</span> 
     </span>
     <span class='ocr_line' id='line_1_22' title="bbox 231 2927 1272 3014; baseline 0 -21"><span class='ocrx_word' id='word_1_164' title='bbox 231 2930 312 3013; x_wconf 90' lang='lat' dir='ltr'>quod</span> <span class='ocrx_word' id='word_1_165' title='bbox 340 2927 420 3014; x_wconf 90' lang='lat' dir='ltr'>quia</span> <span class='ocrx_word' id='word_1_166' title='bbox 449 2931 673 3014; x_wconf 75' lang='lat' dir='ltr'>peccaverumt,</span> <span class='ocrx_word' id='word_1_167' title='bbox 702 2931 735 2991; x_wconf 89' lang='lat' dir='ltr'>et</span> <span class='ocrx_word' id='word_1_168' title='bbox 765 2947 830 2991; x_wconf 89' lang='lat' dir='ltr'>non</span> <span class='ocrx_word' id='word_1_169' title='bbox 855 2927 1075 3013; x_wconf 90' lang='lat' dir='ltr'>penituerunt,</span> <span class='ocrx_word' id='word_1_170' title='bbox 1107 2928 1180 2993; x_wconf 88' lang='lat' dir='ltr'>ideo</span> <span class='ocrx_word' id='word_1_171' title='bbox 1206 2951 1272 2993; x_wconf 90' lang='lat' dir='ltr'>non</span> 
     </span>
     <span class='ocr_line' id='line_1_23' title="bbox 231 3029 1272 3114; baseline 0.001 -21"><span class='ocrx_word' id='word_1_172' title='bbox 231 3038 302 3094; x_wconf 89' lang='lat' dir='ltr'>sunt</span> <span class='ocrx_word' id='word_1_173' title='bbox 314 3056 322 3109; x_wconf 93' lang='lat'>;</span> <span class='ocrx_word' id='word_1_174' title='bbox 346 3030 425 3114; x_wconf 91' lang='lat' dir='ltr'>quia</span> <span class='ocrx_word' id='word_1_175' title='bbox 440 3050 570 3114; x_wconf 85' lang='lat' dir='ltr'>peccare</span> <span class='ocrx_word' id='word_1_176' title='bbox 593 3029 769 3094; x_wconf 86' lang='lat' dir='ltr'>secundum</span> <span class='ocrx_word' id='word_1_177' title='bbox 793 3050 847 3094; x_wconf 89' lang='lat' dir='ltr'>eos</span> <span class='ocrx_word' id='word_1_178' title='bbox 868 3036 1006 3094; x_wconf 90' lang='lat' dir='ltr'>estnon</span> <span class='ocrx_word' id='word_1_179' title='bbox 1030 3052 1106 3104; x_wconf 84' lang='lat' dir='ltr'>ease,</span> <span class='ocrx_word' id='word_1_180' title='bbox 1124 3052 1162 3093; x_wconf 93' lang='lat' dir='ltr'>eo</span> <span class='ocrx_word' id='word_1_181' title='bbox 1185 3032 1272 3113; x_wconf 88' lang='lat' dir='ltr'>quod</span> 
     </span>
     <span class='ocr_line' id='line_1_24' title="bbox 230 3129 1272 3215; baseline 0.001 -22"><span class='ocrx_word' id='word_1_182' title='bbox 230 3153 338 3196; x_wconf 85' lang='lat' dir='ltr'>avero</span> <span class='ocrx_word' id='word_1_183' title='bbox 353 3154 430 3207; x_wconf 78' lang='lat' dir='ltr'>esse,</span> <span class='ocrx_word' id='word_1_184' title='bbox 447 3137 481 3195; x_wconf 89' lang='lat' dir='ltr'>et</span> <span class='ocrx_word' id='word_1_185' title='bbox 495 3153 621 3195; x_wconf 92' lang='lat' dir='ltr'>summo</span> <span class='ocrx_word' id='word_1_186' title='bbox 639 3136 767 3215; x_wconf 90' lang='lat' dir='ltr'>separat</span> <span class='ocrx_word' id='word_1_187' title='bbox 787 3131 879 3194; x_wconf 91' lang='lat' dir='ltr'>bono.</span> <span class='ocrx_word' id='word_1_188' title='bbox 927 3129 1097 3213; x_wconf 69' lang='lat' dir='ltr'>Sequitur³</span> <span class='ocrx_word' id='word_1_189' title='bbox 1121 3130 1169 3194; x_wconf 88' lang='lat' dir='ltr'>ita</span> <span class='ocrx_word' id='word_1_190' title='bbox 1184 3130 1272 3214; x_wconf 88' lang='lat' dir='ltr'>quod</span> 
     </span>
     <span class='ocr_line' id='line_1_25' title="bbox 229 3232 1203 3319; baseline 0.002 -23"><span class='ocrx_word' id='word_1_191' title='bbox 229 3254 283 3298; x_wconf 89' lang='lat' dir='ltr'>nec</span> <span class='ocrx_word' id='word_1_192' title='bbox 296 3234 408 3319; x_wconf 85' lang='lat' dir='ltr'>logice,</span> <span class='ocrx_word' id='word_1_193' title='bbox 425 3255 485 3297; x_wconf 91' lang='lat' dir='ltr'>nec</span> <span class='ocrx_word' id='word_1_194' title='bbox 499 3233 676 3317; x_wconf 87' lang='lat' dir='ltr'>theologice</span> <span class='ocrx_word' id='word_1_195' title='bbox 690 3236 782 3296; x_wconf 84' lang='lat' dir='ltr'>tenet</span> <span class='ocrx_word' id='word_1_196' title='bbox 797 3232 1026 3316; x_wconf 87' lang='lat' dir='ltr'>consequentia</span> <span class='ocrx_word' id='word_1_197' title='bbox 1041 3232 1203 3318; x_wconf 79' lang='lat' dir='ltr'>praedicta.</span> 
     </span>
     <span class='ocr_line' id='line_1_26' title="bbox 270 3333 1270 3419; baseline -0.002 -19"><span class='ocrx_word' id='word_1_198' title='bbox 270 3336 430 3400; x_wconf 86' lang='lat' dir='ltr'>Similiter</span> <span class='ocrx_word' id='word_1_199' title='bbox 445 3335 517 3399; x_wconf 87' lang='lat' dir='ltr'>dieo</span> <span class='ocrx_word' id='word_1_200' title='bbox 532 3335 680 3398; x_wconf 90' lang='lat' dir='ltr'>adaliam</span> <span class='ocrx_word' id='word_1_201' title='bbox 691 3333 929 3408; x_wconf 85' lang='lat' dir='ltr'>auctoritatem,</span> <span class='ocrx_word' id='word_1_202' title='bbox 943 3334 1030 3418; x_wconf 89' lang='lat' dir='ltr'>quod</span> <span class='ocrx_word' id='word_1_203' title='bbox 1038 3356 1104 3399; x_wconf 92' lang='lat' dir='ltr'>non</span> <span class='ocrx_word' id='word_1_204' title='bbox 1114 3336 1270 3419; x_wconf 89' lang='lat' dir='ltr'>sequitur,</span> 
     </span>
     <span class='ocr_line' id='line_1_27' title="bbox 227 3435 1272 3522; baseline 0.002 -22"><span class='ocrx_word' id='word_1_205' title='bbox 227 3458 281 3500; x_wconf 86' lang='lat' dir='ltr'>nos</span> <span class='ocrx_word' id='word_1_206' title='bbox 304 3441 473 3522; x_wconf 85' lang='lat' dir='ltr'>portamus</span> <span class='ocrx_word' id='word_1_207' title='bbox 499 3435 687 3519; x_wconf 84' lang='lat' dir='ltr'>iniquitates</span> <span class='ocrx_word' id='word_1_208' title='bbox 712 3440 843 3520; x_wconf 90' lang='lat' dir='ltr'>patrum</span> <span class='ocrx_word' id='word_1_209' title='bbox 867 3441 1061 3514; x_wconf 88' lang='lat' dir='ltr'>nostrorum,</span> <span class='ocrx_word' id='word_1_210' title='bbox 1078 3459 1154 3522; x_wconf 86' lang='lat' dir='ltr'>ergo</span> <span class='ocrx_word' id='word_1_211' title='bbox 1177 3459 1272 3502; x_wconf 90' lang='lat' dir='ltr'>omne</span> 
     </span>
     <span class='ocr_line' id='line_1_28' title="bbox 226 3536 1272 3622; baseline -0.001 -19"><span class='ocrx_word' id='word_1_212' title='bbox 226 3540 312 3622; x_wconf 86' lang='lat' dir='ltr'>quod</span> <span class='ocrx_word' id='word_1_213' title='bbox 342 3539 408 3602; x_wconf 82' lang='lat' dir='ltr'>fuit</span> <span class='ocrx_word' id='word_1_214' title='bbox 437 3544 507 3616; x_wconf 88' lang='lat' dir='ltr'>est;</span> <span class='ocrx_word' id='word_1_215' title='bbox 530 3557 589 3600; x_wconf 87' lang='lat' dir='ltr'>neo</span> <span class='ocrx_word' id='word_1_216' title='bbox 618 3536 766 3620; x_wconf 89' lang='lat' dir='ltr'>sequitur</span> <span class='ocrx_word' id='word_1_217' title='bbox 796 3536 883 3620; x_wconf 88' lang='lat' dir='ltr'>quod</span> <span class='ocrx_word' id='word_1_218' title='bbox 913 3536 975 3620; x_wconf 90' lang='lat' dir='ltr'>ipsi</span> <span class='ocrx_word' id='word_1_219' title='bbox 1005 3543 1090 3612; x_wconf 91' lang='lat' dir='ltr'>sunt,</span> <span class='ocrx_word' id='word_1_220' title='bbox 1124 3540 1272 3621; x_wconf 87' lang='lat' dir='ltr'>quamvis</span> 
     </span>
     <span class='ocr_line' id='line_1_29' title="bbox 226 3637 1273 3725; baseline 0 -21"><span class='ocrx_word' id='word_1_221' title='bbox 226 3640 312 3704; x_wconf 88' lang='lat' dir='ltr'>dicat</span> <span class='ocrx_word' id='word_1_222' title='bbox 333 3640 492 3725; x_wconf 83' lang='lat' dir='ltr'>Magister</span> <span class='ocrx_word' id='word_1_223' title='bbox 522 3637 609 3723; x_wconf 88' lang='lat' dir='ltr'>quod</span> <span class='ocrx_word' id='word_1_224' title='bbox 634 3638 662 3702; x_wconf 90' lang='lat' dir='ltr'>si</span> <span class='ocrx_word' id='word_1_225' title='bbox 689 3637 791 3719; x_wconf 91' lang='lat' dir='ltr'>aliqui</span> <span class='ocrx_word' id='word_1_226' title='bbox 812 3642 906 3701; x_wconf 88' lang='lat' dir='ltr'>erant</span> <span class='ocrx_word' id='word_1_227' title='bbox 931 3643 1039 3721; x_wconf 89' lang='lat' dir='ltr'>patres</span> <span class='ocrx_word' id='word_1_228' title='bbox 1066 3641 1177 3713; x_wconf 88' lang='lat' dir='ltr'>nostri,</span> <span class='ocrx_word' id='word_1_229' title='bbox 1194 3645 1273 3704; x_wconf 90' lang='lat' dir='ltr'>tunc</span> 
     </span>
     <span class='ocr_line' id='line_1_30' title="bbox 225 3737 1273 3825; baseline 0.001 -20"><span class='ocrx_word' id='word_1_230' title='bbox 225 3741 287 3807; x_wconf 85' lang='lat' dir='ltr'>fuit</span> <span class='ocrx_word' id='word_1_231' title='bbox 302 3743 351 3805; x_wconf 88' lang='lat' dir='ltr'>ita</span> <span class='ocrx_word' id='word_1_232' title='bbox 367 3743 454 3825; x_wconf 83' lang='lat' dir='ltr'>quod</span> <span class='ocrx_word' id='word_1_233' title='bbox 468 3746 546 3805; x_wconf 91' lang='lat' dir='ltr'>sunt</span> <span class='ocrx_word' id='word_1_234' title='bbox 561 3744 668 3824; x_wconf 87' lang='lat' dir='ltr'>patres</span> <span class='ocrx_word' id='word_1_235' title='bbox 687 3738 797 3803; x_wconf 89' lang='lat' dir='ltr'>nostri.</span> <span class='ocrx_word' id='word_1_236' title='bbox 844 3737 915 3802; x_wconf 88' lang='lat' dir='ltr'>Ista</span> <span class='ocrx_word' id='word_1_237' title='bbox 938 3740 1025 3804; x_wconf 90' lang='lat' dir='ltr'>enim</span> <span class='ocrx_word' id='word_1_238' title='bbox 1048 3741 1273 3806; x_wconf 90' lang='lat' dir='ltr'>conditionalis</span> 
     </span>
     <span class='ocr_line' id='line_1_31' title="bbox 225 3839 1272 3930; baseline 0.002 -24"><span class='ocrx_word' id='word_1_239' title='bbox 225 3844 338 3930; x_wconf 86' lang='lat' dir='ltr'>negari</span> <span class='ocrx_word' id='word_1_240' title='bbox 354 3847 463 3928; x_wconf 86' lang='lat' dir='ltr'>potest</span> <span class='ocrx_word' id='word_1_241' title='bbox 477 3842 604 3905; x_wconf 91' lang='lat' dir='ltr'>duabus</span> <span class='ocrx_word' id='word_1_242' title='bbox 619 3841 658 3904; x_wconf 87' lang='lat' dir='ltr'>de</span> <span class='ocrx_word' id='word_1_243' title='bbox 682 3840 792 3904; x_wconf 88' lang='lat' dir='ltr'>causis.</span> <span class='ocrx_word' id='word_1_244' title='bbox 838 3839 949 3904; x_wconf 89' lang='lat' dir='ltr'>Prima</span> <span class='ocrx_word' id='word_1_245' title='bbox 973 3842 1082 3905; x_wconf 88' lang='lat' dir='ltr'>estin</span> <span class='ocrx_word' id='word_1_246' title='bbox 1109 3864 1183 3906; x_wconf 88' lang='lat' dir='ltr'>casu</span> <span class='ocrx_word' id='word_1_247' title='bbox 1207 3866 1272 3929; x_wconf 92' lang='lat' dir='ltr'>quo</span> 
     </span>
     <span class='ocr_line' id='line_1_32' title="bbox 224 3942 1271 4029; baseline 0.001 -21"><span class='ocrx_word' id='word_1_248' title='bbox 224 3945 342 4010; x_wconf 88' lang='lat' dir='ltr'>Petrus</span> <span class='ocrx_word' id='word_1_249' title='bbox 357 3950 431 4029; x_wconf 89' lang='lat' dir='ltr'>post</span> <span class='ocrx_word' id='word_1_250' title='bbox 454 3948 564 4007; x_wconf 86' lang='lat' dir='ltr'>actum</span> <span class='ocrx_word' id='word_1_251' title='bbox 587 3942 805 4027; x_wconf 89' lang='lat' dir='ltr'>generationis</span> <span class='ocrx_word' id='word_1_252' title='bbox 831 3943 989 4006; x_wconf 89' lang='lat' dir='ltr'>naturalis</span> <span class='ocrx_word' id='word_1_253' title='bbox 1015 3944 1173 4007; x_wconf 89' lang='lat' dir='ltr'>moriatur</span> <span class='ocrx_word' id='word_1_254' title='bbox 1196 3953 1271 4010; x_wconf 90' lang='lat' dir='ltr'>ante</span> 
     </span>
     <span class='ocr_line' id='line_1_33' title="bbox 224 4043 1272 4130; baseline -0.003 -19"><span class='ocrx_word' id='word_1_255' title='bbox 224 4047 420 4111; x_wconf 90' lang='lat' dir='ltr'>infusionem</span> <span class='ocrx_word' id='word_1_256' title='bbox 446 4045 563 4110; x_wconf 84' lang='lat' dir='ltr'>animae</span> <span class='ocrx_word' id='word_1_257' title='bbox 589 4044 691 4119; x_wconf 91' lang='lat' dir='ltr'>Pauli,</span> <span class='ocrx_word' id='word_1_258' title='bbox 718 4043 775 4128; x_wconf 91' lang='lat' dir='ltr'>qui</span> <span class='ocrx_word' id='word_1_259' title='bbox 805 4065 846 4107; x_wconf 84' lang='lat' dir='ltr'>ex</span> <span class='ocrx_word' id='word_1_260' title='bbox 872 4043 932 4107; x_wconf 90' lang='lat' dir='ltr'>tali</span> <span class='ocrx_word' id='word_1_261' title='bbox 962 4045 1168 4127; x_wconf 86' lang='lat' dir='ltr'>generatione</span> <span class='ocrx_word' id='word_1_262' title='bbox 1198 4068 1272 4130; x_wconf 91' lang='lat' dir='ltr'>pro·</span> 
     </span>
     <span class='ocr_line' id='line_1_34' title="bbox 224 4145 1271 4231; baseline -0.002 -19"><span class='ocrx_word' id='word_1_263' title='bbox 224 4150 388 4212; x_wconf 82' lang='lat' dir='ltr'>creabitur</span> <span class='ocrx_word' id='word_1_264' title='bbox 400 4171 409 4226; x_wconf 90' lang='lat'>;</span> <span class='ocrx_word' id='word_1_265' title='bbox 441 4152 520 4210; x_wconf 88' lang='lat' dir='ltr'>tunc</span> <span class='ocrx_word' id='word_1_266' title='bbox 549 4151 662 4231; x_wconf 84' lang='lat' dir='ltr'>postea</span> <span class='ocrx_word' id='word_1_267' title='bbox 698 4166 813 4209; x_wconf 90' lang='lat' dir='ltr'>verum</span> <span class='ocrx_word' id='word_1_268' title='bbox 851 4145 914 4209; x_wconf 90' lang='lat' dir='ltr'>erit</span> <span class='ocrx_word' id='word_1_269' title='bbox 951 4145 1064 4220; x_wconf 89' lang='lat' dir='ltr'>dicere,</span> <span class='ocrx_word' id='word_1_270' title='bbox 1095 4147 1271 4210; x_wconf 90' lang='lat' dir='ltr'>secundum</span> 
     </span>
     <span class='ocr_line' id='line_1_35' title="bbox 225 4246 1270 4334; baseline -0.002 -21"><span class='ocrx_word' id='word_1_271' title='bbox 225 4250 349 4334; x_wconf 90' lang='lat' dir='ltr'>aliquos</span> <span class='ocrx_word' id='word_1_272' title='bbox 361 4249 451 4333; x_wconf 87' lang='lat' dir='ltr'>quod</span> <span class='ocrx_word' id='word_1_273' title='bbox 460 4247 576 4312; x_wconf 90' lang='lat' dir='ltr'>Petrus</span> <span class='ocrx_word' id='word_1_274' title='bbox 590 4247 655 4312; x_wconf 86' lang='lat' dir='ltr'>fuit</span> <span class='ocrx_word' id='word_1_275' title='bbox 669 4252 764 4333; x_wconf 83' lang='lat' dir='ltr'>pater</span> <span class='ocrx_word' id='word_1_276' title='bbox 778 4246 880 4321; x_wconf 89' lang='lat' dir='ltr'>Pauli,</span> <span class='ocrx_word' id='word_1_277' title='bbox 898 4246 975 4331; x_wconf 92' lang='lat' dir='ltr'>quia</span> <span class='ocrx_word' id='word_1_278' title='bbox 989 4248 1159 4331; x_wconf 85' lang='lat' dir='ltr'>generavit</span> <span class='ocrx_word' id='word_1_279' title='bbox 1174 4268 1247 4311; x_wconf 88' lang='lat' dir='ltr'>eum</span> <span class='ocrx_word' id='word_1_280' title='bbox 1262 4272 1270 4326; x_wconf 84' lang='lat'><em>3</em></span> 
     </span>
    </p>
   </div>
   <div class='ocr_carea' id='block_1_4' title="bbox 228 4512 1152 4655">
    <p class='ocr_par' dir='ltr' id='par_1_4' title="bbox 228 4512 1152 4655">
     <span class='ocr_line' id='line_1_36' title="bbox 259 4512 999 4576; baseline 0.001 -14"><span class='ocrx_word' id='word_1_281' title='bbox 259 4512 419 4576; x_wconf 61' lang='lat' dir='ltr'>&#39;sicomorod</span> <span class='ocrx_word' id='word_1_282' title='bbox 445 4529 473 4563; x_wconf 83' lang='lat' dir='ltr'>co</span> <span class='ocrx_word' id='word_1_283' title='bbox 492 4513 548 4565; x_wconf 88' lang='lat' dir='ltr'>MS.</span> <span class='ocrx_word' id='word_1_284' title='bbox 568 4514 643 4574; x_wconf 75' lang='lat' dir='ltr'>here,</span> <span class='ocrx_word' id='word_1_285' title='bbox 668 4515 728 4562; x_wconf 87' lang='lat' dir='ltr'>else·</span> <span class='ocrx_word' id='word_1_286' title='bbox 807 4512 865 4576; x_wconf 75' lang='lat' dir='ltr'>²r.]</span> <span class='ocrx_word' id='word_1_287' title='bbox 885 4526 929 4572; x_wconf 80' lang='lat' dir='ltr'>rr,</span> <span class='ocrx_word' id='word_1_288' title='bbox 943 4513 999 4563; x_wconf 89' lang='lat' dir='ltr'>MS.</span> 
     </span>
     <span class='ocr_line' id='line_1_37' title="bbox 228 4587 1152 4655; baseline 0.001 -15"><span class='ocrx_word' id='word_1_289' title='bbox 228 4592 310 4643; x_wconf 66' lang='lat' dir='ltr'>where</span> <span class='ocrx_word' id='word_1_290' title='bbox 321 4594 452 4641; x_wconf 78' lang='lat' dir='ltr'>sicomorea</span> <span class='ocrx_word' id='word_1_291' title='bbox 807 4591 816 4619; x_wconf 82' lang='lat'><em>¹</em></span> <span class='ocrx_word' id='word_1_292' title='bbox 829 4587 957 4655; x_wconf 79' lang='lat' dir='ltr'>Sequitur]</span> <span class='ocrx_word' id='word_1_293' title='bbox 979 4592 1086 4654; x_wconf 78' lang='lat' dir='ltr'>Separat,</span> <span class='ocrx_word' id='word_1_294' title='bbox 1097 4591 1152 4641; x_wconf 89' lang='lat' dir='ltr'>MS.</span> 
     </span>
    </p>
   </div>
   <div class='ocr_carea' id='block_1_5' title="bbox 0 0 1508 5490">
    <p class='ocr_par' dir='ltr' id='par_1_5' title="bbox 0 0 1508 5490">
     <span class='ocr_line' id='line_1_38' title="bbox 0 0 1508 5490; baseline 0 4"><span class='ocrx_word' id='word_1_295' title='bbox 0 0 1508 5490; x_wconf 95' lang='lat' dir='ltr'> </span> 
     </span>
    </p>
   </div>
  </div>
 </body>
</html>
