3008 5490
92 900 136 952 the
146 915 201 951 nov

93 967 214 1019 doctrine.

260 682 326 753 178
573 679 754 743 reseretur
776 690 1004 741 ammonuit

259 905 318 971 per
330 904 431 967 quam
444 883 480 946 in
494 883 655 968 plerisque
676 882 755 947 locis
772 879 867 966 jam¹
891 882 997 945 cessat
1014 874 1100 965 juge
1121 876 1284 943 mitum

259 985 296 1048 in
318 983 414 1048 domo
436 983 578 1048 Domini

305 1084 437 1150 Dicitur
451 1086 538 1149 enim
553 1085 643 1169 quod
657 1084 692 1149 in
707 1083 821 1149 multis
835 1081 914 1147 locis
936 1079 1037 1165 hujus
1058 1080 1157 1167 regni
1176 1078 1288 1167 populu

260 1184 429 1250 abstinet8
452 1186 495 1250 ab
525 1185 721 1250 eucharistia
750 1185 786 1247 in
823 1182 996 1268 paschate„
1023 1181 1064 1245 in
1099 1180 1291 1247 multitudine

260 1308 389 1372 magna,
405 1287 537 1352 credens
553 1308 595 1351 ex
608 1286 670 1352 hac
685 1286 833 1351 doctrina
854 1282 943 1368 quod
965 1302 1035 1352 non
1061 1288 1117 1349 ese
1136 1282 1202 1347 nisi
1219 1280 1291 1369 penit

262 1388 489 1453 sanctificatus.
529 1387 581 1452 De
602 1387 664 1452 hoc
686 1385 916 1472 prophetatum
933 1388 984 1449 est
1008 1382 1165 1449 Danielis
1178 1398 1237 1449 m
1253 1384 1292 1457 11,

263 1489 350 1572 quod
380 1489 518 1555 cessabit
549 1488 631 1574 juge
666 1487 858 1552 sacrificium
887 1485 924 1549 in
953 1484 1052 1549 domo
1084 1482 1177 1551 Dei⁸
1211 1482 1293 1551 urbo

264 1590 359 1656 annis
389 1597 423 1656 ct
455 1591 599 1668 dimidio,
637 1589 755 1674 quibus
791 1586 942 1672 regnabit
979 1584 1217 1659 antichristus⁴
1262 1582 1295 1649 b

264 1691 326 1756 hoc
355 1692 501 1758 doctores
536 1696 705 1777 exponunt
738 1689 780 1754 de
809 1710 901 1753 sacra
932 1686 1142 1766 eucharistia,
1164 1706 1239 1772 quie
1261 1688 1298 1751 ἢ

260 1791 342 1878 juge
363 1792 556 1857 sacrificium
578 1793 614 1855 in
636 1792 733 1856 domo
754 1789 897 1854 Domini

310 1892 356 1955 Et
385 1893 455 1956 brec
485 1893 632 1956 doctrina
661 1892 758 1955 nimis
788 1891 902 1954 reddet
927 1888 1087 1974 populum
1114 1890 1301 1963 indevotum.
1347 1950 1349 1969 ,

265 1992 343 2073 quia
366 1992 460 2054 ilhnn
485 1992 624 2075 gradum
647 1993 681 2055 in
704 1993 805 2076 signis
828 1991 993 2076 concipere
1015 1991 1180 2070 nesciunt,
1202 1988 1303 2056 necin

266 2089 389 2153 talibus
410 2090 583 2154 verborum
606 2091 760 2176 phaleris⁵
782 2088 1038 2157 eontentuntur.⁶

272 2226 279 2239 ·
313 2188 526 2254 considerent
541 2192 690 2269 secundo,
707 2193 884 2277 quodcum
899 2192 1039 2278 populus
1054 2192 1308 2259 Christianam

267 2290 371 2354 nescit
408 2292 575 2376 concipere
606 2314 664 2378 per
698 2315 767 2359 esse
803 2295 868 2359 nisi
904 2293 1001 2358 unico
1034 2294 1142 2371 modo,
1164 2293 1310 2358 videlicet

268 2391 406 2457 existere
443 2393 498 2456 vel
536 2415 605 2458 esse
642 2395 685 2459 ab
723 2396 870 2470 essentia,
905 2416 965 2459 nec
994 2394 1188 2480 intelligunt
1214 2394 1309 2459 talem

268 2497 419 2578 tropum;
444 2500 486 2573 ct,
503 2499 614 2560 stante
644 2496 707 2560 isto
738 2501 903 2580 conceptu,
932 2495 960 2558 si
982 2494 1205 2561 informentur
1232 2492 1312 2579 quod

268 2596 362 2679 panis
402 2601 522 2673 manet,
555 2603 588 2662 et
621 2604 670 2662 est
700 2619 814 2681 corpus
845 2594 976 2670 Christi,
1016 2597 1203 2681 concipient
1232 2592 1310 2680 quod

269 2696 409 2761 identice
439 2704 489 2762 est
526 2720 641 2784 corpus
679 2698 809 2773 Christi,
842 2701 877 2760 et
906 2697 1036 2780 turpius
1073 2696 1312 2783 paganizabrmi

269 2819 369 2881 quam
398 2798 442 2875 hi,
477 2799 534 2881 qui
564 2797 737 2863 dicuntur⁷
760 2798 902 2881 primum
933 2797 1057 2860 animal
1086 2799 1178 2883 quod
1207 2798 1312 2863 vident

269 2899 305 2962 in
329 2900 381 2963 die
404 2896 529 2963 colere⁸
551 2904 709 2982 tanquam
732 2897 847 2962 Deum.

315 3001 528 3065 Considercnt
543 3002 649 3075 tertio,
663 3000 749 3083 quod
764 2999 832 3062 haec
848 2998 995 3061 doctrina
1010 3005 1122 3063 ortum
1136 3000 1312 3085 habuitper

269 3124 372 3164 unum
403 3104 542 3166 militem
568 3108 647 3165 tunc
673 3101 869 3173 haereticum,
893 3100 1046 3164 videlicet
1072 3100 1310 3175 Fredwarulum,

270 3208 303 3264 et
326 3223 508 3284 perunum
531 3203 680 3265 clericum
706 3223 763 3286 pro
790 3208 934 3284 tempore
949 3200 1150 3279 heereticum,
1167 3205 1313 3267 videlicet

269 3301 524 3382 Bererrgari11n13
548 3308 582 3363 et
609 3324 755 3366 occasum
780 3303 879 3366 habet
906 3325 962 3386 per
986 3325 1090 3365 unum
1114 3305 1257 3369 militem
1285 3308 1314 3367 ct

268 3400 487 3462 venerabilem
504 3401 672 3464 dominum
688 3404 890 3477 catholicum,
909 3410 942 3468 ct
966 3426 1024 3488 per
1045 3428 1150 3468 unum
1167 3408 1314 3471 clericum

269 3499 462 3562 catholicum
488 3501 713 3565 cancellarium
746 3504 906 3583 Oxoniae3
930 3512 963 3568 et
993 3528 1180 3589 processum
1212 3509 1316 3573 tenuit

269 3623 327 3685 per
355 3609 518 3666 auctorem
546 3604 585 3666 de
611 3604 740 3668 Divinis
765 3604 885 3668 Officiis
909 3607 969 3669 sub
996 3609 1128 3671 nomine
1152 3610 1316 3674 Ambrosii

269 3704 475 3787 postmodum
504 3712 700 3781 revocatum,
732 3713 766 3771 et
793 3729 849 3790 per
871 3707 1019 3771 collectus
1041 3711 1215 3775 missarum
1247 3733 1318 3796 quae

269 3806 482 3869 communiter
504 3807 657 3891 leguntur
680 3814 756 3871 aute
779 3810 1057 3873 consecutionem.

303 4259 309 4288 ¹
316 4259 385 4322 jum]
404 4274 452 4310 om.
465 4262 494 4311 C.
849 4261 858 4289 ⁵
874 4259 994 4323 phaleris]
1009 4260 1109 4319 falleris,
1121 4261 1155 4322 Α,
1164 4262 1194 4321 Β,
1204 4263 1233 4314 C.

302 4336 438 4401 2αὼϋηυῑ]
459 4338 582 4394 abstinuit,
594 4340 623 4396 Β,
635 4338 663 4388 C.

303 4414 389 4481 ’Der']
409 4417 519 4474 Domini,
531 4418 560 4465 B.
848 4471 855 4496 ⁷
889 4472 893 4479 ι

303 4495 379 4544 ‘The
406 4497 487 4544 werris
516 4511 557 4546 ure
580 4497 650 4545 those
671 4496 700 4545 of
724 4497 766 4545 the
867 4469 993 4534 mmm]
1013 4472 1149 4530 Deum'A·

269 4575 352 4639 glossa
362 4574 493 4624 ordinaria
846 4572 955 4638 ncolere]
975 4576 1064 4633 colore,
1076 4576 1105 4625 B.

847 4366 1047 4429 οευιιῐιειιίιιιιίισ]
1068 4367 1216 4428 querantur,
1228 4367 1258 4416 B.
