3158 5490
299 710 365 777 422
612 724 790 775 msorcuar
813 708 1041 776 zizsmouon

782 912 882 978 VIII.

136 1054 273 1107 Aurium
348 1036 434 1101 Item
466 1035 528 1100 tibi
561 1036 705 1115 dicimus,
731 1037 908 1123 objicimus,
942 1036 1156 1124 proponimus
1179 1042 1219 1103 et
1240 1035 1360 1104 articu-

135 1138 182 1173 ⁰⁰¹¹
165 1121 282 1175 armon.
302 1139 416 1215 lamur,
448 1138 536 1252 quod
572 1145 655 1224 post,
687 1145 722 1203 et
758 1145 873 1204 eontra
910 1146 1002 1204 tuam
1035 1140 1236 1225 praediotam
1269 1140 1359 1226 obju-

302 1239 471 1314 rationem,
502 1239 539 1302 in
568 1244 681 1304 nostra
710 1239 843 1306 dioecesi
872 1246 911 1305 tu
941 1240 1086 1318 tenuisti,
1116 1240 1302 1317 affirmsmi
1328 1244 1360 1304 et

303 1339 442 1407 docuisti
465 1340 553 1425 quod
575 1341 696 1406 vocalis
718 1341 875 1408 confessio
897 1341 993 1407 alteri
1013 1341 1177 1407 moerdoti
1201 1341 1357 1418 facienda,

302 1463 369 1506 non
395 1447 445 1506 est
471 1441 535 1505 nisi
564 1442 626 1508 soli
655 1442 735 1520 Deo,
763 1442 821 1528 qui
849 1464 995 1508 summus
1025 1448 1076 1507 est
1105 1443 1270 1509 saoerdos
1314 1442 1357 1507 111

302 1543 391 1628 quod
417 1542 596 1621 decretalis,
620 1541 744 1609 Omnis
771 1542 955 1630 uirtusque
980 1542 1088 1609 seorsisl
1115 1544 1211 1611 edita
1230 1545 1269 1611 in
1287 1564 1359 1610 oon·

304 1644 453 1722 trarium,
479 1643 601 1728 injuste
625 1644 691 1711 fuit
716 1645 849 1711 condita
861 1669 871 1723 ;
905 1667 979 1711 oum
1005 1645 1111 1711 saneti
1138 1650 1255 1733 patres
1279 1668 1359 1733 prte-

304 1746 427 1831 oipiant
472 1745 513 1811 da
557 1745 697 1832 peccatis
750 1747 884 1824 conteri,
929 1751 964 1813 et
1016 1745 1088 1812 Deo
1141 1769 1182 1813 ao
1229 1745 1358 1813 offensis

305 1847 458 1913 confiteri

350 1948 519 2027 Quantum
565 1949 609 2014 ad
656 1951 758 2017 istum
803 1949 978 2015 articulum
1024 1949 1132 2016 dietus
1173 1948 1358 2017 willelmus

303 2048 429 2133 Whyte
466 2050 554 2115 diunt
595 2048 804 2135 judicialiter,
842 2050 976 2136 quod
968 2072 1056 2139 ipso
1073 2072 1249 2137 nunquam
1288 2072 1359 2139 pro-

302 2150 420 2263 hibuit,
436 2173 495 2215 nec
519 2153 636 2229 tenuit,
654 2155 734 2238 quin
759 2152 914 2219 eonfessio
938 2152 1071 2219 deberet
1093 2153 1168 2219 fieri
1190 2152 1357 2221 saoerdoti

303 2250 348 2316 Et
371 2224 470 2316 etiam
494 2254 633 2319 asseruit
662 2254 750 2319 idem
774 2254 957 2319 Willelmus
980 2252 1105 2339 Whyte
1126 2256 1221 2340 quod
1254 2256 1356 2321 dioere

302 2353 355 2417 vel
386 2352 546 2420 affirmare
577 2355 720 2440 aliquem
749 2378 815 2422 non
846 2378 940 2443 posse
969 2355 1091 2421 solvam
1128 2355 1257 2443 absque
1286 2378 1358 2423 oon·

301 2453 497 2533 sessione,
471 2477 500 2522 ιιι
522 2455 642 2523 habeat
665 2457 954 2546 opportunitatem,
978 2462 1028 2525 eet
1049 2457 1193 2525 haemsie

801 2642 861 2711 IX.

250 2841 256 2856 ‚
347 2767 434 2837 Item
465 2770 529 2836 tibi
559 2771 704 2846 dicimus,
740 2770 911 2856 objicimus
938 2778 973 2836 et
1001 2769 1226 2849 articulamur,
1268 2768 1356 2858 quod

301 2879 412 2937 tamen
443 2880 524 2959 post,
557 2878 591 2936 et
622 2878 735 2938 eontra
765 2872 887 2938 dictam
917 2878 1009 2937 tuam
1039 2872 1294 2958 abjurationem,
1321 2873 1355 2937 in

301 2975 433 3039 dioecesi
473 2981 584 3040 nostro
631 2974 775 3051 tenuisti,
810 2974 987 3051 affirmasti,
1037 2975 1205 3061 scripsisti,
1257 2982 1356 3060 atque

301 3076 439 3141 docuisti
413 3078 558 3163 tquod
589 3078 693 3141 omnis
717 3076 862 3142 remissio
892 3083 1097 3162 peecatorum
1127 3077 1235 3142 solum
1261 3085 1313 3142 est
1337 3099 1357 3140 a

301 3177 394 3257 Deo;
427 3184 461 3243 et
495 3178 569 3244 ideo
593 3180 790 3264 poenitentia
814 3200 879 3245 non
906 3186 956 3244 est
980 3201 1000 3243 a
1021 3179 1197 3256 sacerdote,
1231 3179 1286 3244 vel
1315 3178 1357 3243 ab

299 3231 455 3344 homine
446 3302 480 3344 m
477 3278 653 3368 jungenda

345 3382 453 3447 Istum
501 3383 683 3458 articulum,
724 3388 758 3448 et
806 3387 960 3449 contento
1005 3384 1040 3448 in
1085 3381 1209 3455 eodem,
1250 3382 1356 3449 dictus

300 3483 484 3549 Willelmus
519 3485 686 3571 WhyteJ
679 3483 874 3551 udicialiter
908 3484 1081 3561 fatebatur)
1106 3493 1141 3551 et
1164 3484 1356 3572 recognovit

300 3608 334 3650 se
349 3588 491 3652 tenuisse
506 3592 540 3652 et
556 3587 707 3653 docuisse.

800 3771 839 3838 X

132 3934 194 3989 1’0w
173 3938 265 3988 veros
347 3898 434 3971 Item
475 3900 538 3971 tibi
569 3899 714 3983 dicimus,
747 3903 841 3989 obj''
803 3928 917 3971 101mus
948 3910 981 3972 et
967 3902 1235 3984 tertioulamur,
1269 3899 1355 3993 quod

134 4005 221 4055 1111
208 4019 259 4071 ψ·
302 4013 383 4094 post,
412 4014 446 4072 et
473 4013 586 4074 eontra
612 4012 704 4073 tuam
730 4005 870 4094 abjurat
861 4029 968 4074 ronem
1006 4007 1216 4083 antedictam,
1244 4014 1354 4074 tamen

301 4110 445 4186 tenuisti,
471 4109 627 4196 scripsisti
601 4116 687 4175 tet
710 4110 847 4175 docuisti
821 4111 963 4195 tquod
1000 4131 1112 4174 omnes
1136 4111 1192 4195 pie
1214 4115 1250 4175 et
1267 4111 1357 4197 juste

301 4211 458 4287 viventes,
487 4204 521 4274 in
549 4217 687 4298 utroque
711 4232 800 4287 sexu,
825 4211 983 4297 aequalem
1009 4210 1134 4276 hebent
1158 4218 1357 4298 potestatem

296 4312 589 4397 jmisdictionslem
630 4312 754 4400 liga-ndi
782 4320 815 4378 et
841 4312 988 4378 solvendi
1014 4310 1068 4377 hio
1099 4312 1135 4376 in
1161 4314 1282 4392 terris;
1312 4314 1358 4379 sio

303 4514 361 4521 ι..-
384 4517 388 4522 .
423 4517 427 4522 .
609 4518 613 4523 .
694 4519 697 4522 .
733 4518 765 4523 -.
798 4516 854 4523 -....
876 4516 881 4522 .
932 4516 957 4522 .-
996 4516 1053 4523 .-...
1092 4516 1206 4525 Μ..--
1235 4516 1355 4526 ..κ-..-

601 4644 608 4682 ¹
621 4652 713 4705 sextu
724 4648 823 4702 Decret.
836 4648 877 4701 lib.
891 4646 925 4701 V.
937 4648 975 4700 tu„
990 4653 1027 4701 to:
