3008 5490
523 754 650 807 rancus
671 756 743 806 nnn
766 756 978 806 nocuumrs
1206 736 1272 808 473

226 939 473 1025 consequentias
509 943 544 1004 et
581 939 734 1004 materias
771 938 957 1016 involutos3
988 943 1028 1002 ιιι
1064 936 1164 1001 talem
1199 958 1274 1001 con-

224 1040 439 1126 sequentiam,
478 1041 547 1106 haec
583 1041 723 1106 essentia
767 1047 818 1105 est
854 1039 1000 1125 simplex,
1039 1038 1141 1124 igitur
1182 1038 1275 1102 nulla

226 1142 365 1208 materia
394 1147 444 1208 est
472 1164 547 1228 pars
576 1141 665 1227 ejus¹
713 1142 803 1206 Novi
832 1147 944 1207 tamen
978 1141 1110 1206 confuse
1140 1139 1272 1204 distinc-

228 1243 352 1308 tionem
381 1241 422 1308 de
451 1250 545 1330 parte
575 1250 609 1308 et
640 1243 680 1308 de
703 1243 850 1330 simplici,
883 1243 987 1309 sciens
1016 1242 1105 1328 quod
1134 1240 1203 1307 haec
1226 1263 1274 1306 es·

227 1344 334 1410 sentia
358 1343 459 1410 habet
488 1345 659 1410 materiam
689 1345 760 1431 ejus
797 1351 924 1432 partem
955 1344 1212 1431 quantitativam
1239 1348 1274 1409 et

228 1467 295 1510 non
320 1446 559 1532 qualitativam.
610 1447 684 1512 Scio
710 1447 810 1511 etiam
837 1447 925 1533 quod
952 1447 1030 1512 licet
1053 1445 1111 1510 illa
1132 1445 1273 1532 simplex

226 1548 369 1612 essentia
392 1548 437 1613 sit
458 1549 652 1625 substantia,
677 1551 712 1612 et
734 1549 924 1635 compositio
953 1548 998 1613 sit
1022 1548 1215 1624 substantia,
1239 1553 1274 1612 et

228 1670 297 1713 non
321 1650 536 1716 essentialiter
557 1651 613 1715 sed
637 1651 814 1715 secundum
832 1651 1001 1727 rationem,
1018 1651 1107 1736 quod
1129 1648 1186 1713 illa
1208 1649 1273 1713 duo

227 1769 296 1816 non
332 1756 411 1816 sunt
447 1753 561 1817 mulce
597 1752 791 1818 substantiae
828 1759 863 1818 et
899 1751 1048 1816 essentioe
1085 1750 1274 1836 simpliciter

227 1851 461 1930 condistinctae,
484 1854 542 1919 sed
563 1876 632 1918 una
653 1854 800 1918 essentia

273 1954 402 2020 Ultimo
432 1955 574 2042 epilogat
605 1955 736 2031 Doctor,
762 1960 881 2042 praeter
911 1953 1065 2031 ordinem,
1094 1953 1183 2039 quod
1206 1956 1399 2025 noncnnlng·

228 2055 321 2120 videt
358 2057 438 2142 quin
475 2056 541 2122 ista
569 2057 658 2123 dicta
687 2056 855 2122 abducunt
883 2080 905 2120 a
934 2057 1055 2121 notitia
1091 2055 1272 2133 Trinitatis,
1284 2025 1429 2144 meon·

227 2163 362 2245 propter
376 2158 657 2225 dissimilitudines
671 2181 753 2246 quas
773 2159 909 2238 recitat3
933 2158 991 2224 sed
1012 2158 1040 2223 si
1062 2157 1273 2236 modificaret,

227 2262 268 2324 nt
296 2259 378 2326 alias
406 2282 491 2347 saepe
516 2260 604 2337 fucit,
635 2261 765 2348 ignaros
794 2259 1008 2347 philosophiis
1037 2266 1072 2326 ct
1101 2260 1274 2348 theologiae

228 2360 313 2426 male
350 2362 529 2438 audientes,
560 2367 690 2449 caperet
719 2364 843 2427 dictum
881 2385 976 2433 suurn
1013 2361 1169 2447 majorem
1206 2363 1275 2428 evi-

228 2462 382 2540 dentiam,
412 2471 453 2530 ut
478 2465 584 2529 dicam
614 2465 650 2529 in
673 2465 810 2529 materia
833 2464 874 2529 de
902 2464 1158 2541 Universalibus,
1182 2471 1217 2530 et
1240 2465 1275 2529 in

227 2566 419 2651 exceptione
445 2565 544 2651 hujus
568 2567 648 2631 dicti
671 2566 780 2633 lJoln
796 2584 826 2630 ι’.
843 2570 873 2643 8,
892 2567 971 2631 Tres
994 2573 1076 2631 susci
1099 2565 1164 2651 qai
1188 2565 1275 2632 tmi-

227 2666 389 2733 moni-cm
425 2667 514 2733 dalet
550 2666 594 2733 in
625 2675 725 2744 tectu,
763 2675 822 2733 ete
869 2667 1054 2732 Difficultas
1090 2668 1203 2754 itaque
1240 2676 1276 2733 et

227 2768 324 2833 radix
353 2770 469 2835 erroris
494 2776 562 2836 stat
592 2771 628 2834 in
657 2771 721 2835 isto
745 2771 833 2854 quod
863 2792 974 2835 omnes
997 2769 1146 2834 homines
1169 2770 1275 2855 primo

227 2867 352 2935 habent
375 2870 462 2936 bona
490 2872 659 2959 principia,
683 2893 758 2937 cum
782 2872 872 2937 Deus
901 2871 1006 2958 primo
1037 2870 1204 2935 illuminat
1232 2871 1276 2937 ad

227 2976 360 3038 tantum
385 2971 552 3039 hominem
575 2995 713 3049 omnem,
738 2981 778 3039 ut
803 2979 977 3060 eognoscat
1000 2994 1095 3039 omne
1117 2995 1176 3039 ens
1197 2994 1275 3050 esse,

226 3095 266 3138 eo
295 3075 384 3160 quod
413 3097 471 3141 ens
499 3076 606 3163 prima
636 3077 845 3163 impressione
874 3076 1076 3162 imprimitur
1088 3099 1098 3156 ;
1119 3075 1177 3142 sed
1202 3082 1277 3162 post

227 3177 391 3243 miscendo
413 3178 644 3265 phantasmata
667 3179 912 3265 particularium
936 3201 1010 3245 cum
1037 3177 1277 3244 univemalibm

226 3299 304 3346 vere
333 3281 473 3367 cognitis
502 3281 621 3346 accidit
651 3303 748 3358 error,
778 3290 818 3345 nt
848 3280 973 3346 Doctor
1009 3281 1114 3346 noscit
1144 3280 1179 3343 in
1208 3280 1276 3344 suis

226 3381 434 3448 inferioribus
457 3382 718 3459 confessionibus,
733 3389 769 3446 et
783 3382 978 3447 Aristoteles
998 3389 1025 3445 1⁰
1041 3381 1276 3466 Physioorunn²

228 3482 365 3548 Dictum
391 3490 504 3550 tamen
528 3484 717 3549 Aristotelis
742 3482 818 3549 vult
844 3484 970 3548 Doctor
994 3483 1100 3547 dicere
1125 3504 1195 3547 esse
1217 3481 1276 3546 lal-

227 3584 392 3650 aissimnm
421 3587 463 3651 de
494 3586 527 3650 vi
560 3587 658 3663 vocis,
696 3608 771 3650 cnm
809 3585 920 3650 nullus
957 3605 1046 3671 puer,
1074 3604 1134 3648 nec
1164 3604 1276 3649 omnes

227 3687 336 3762 simui
361 3694 480 3753 vocant
506 3710 617 3753 omnes
642 3688 790 3752 homines
810 3694 919 3774 patres
940 3692 1001 3751 aut
1026 3693 1154 3749 matres
1200 3684 1274 3763 Sed,

227 3788 342 3873 primo,
357 3789 467 3853 sciunt
480 3811 539 3854 ens
557 3811 634 3864 esse,
650 3795 685 3854 et
700 3789 821 3854 multas
840 3788 922 3853 alias
936 3788 1095 3852 veritates
1114 3794 1273 3853 {eternam

227 3890 376 3965 secundo,
407 3890 515 3955 sciunt
551 3897 661 3977 putres
689 3897 725 3954 et
754 3898 874 3954 matres
911 3912 988 3965 erse,
1019 3889 1104 3954 sicut
1132 3895 1169 3953 et
1204 3909 1271 3975 spe

226 3991 310 4056 ciem
332 3992 483 4070 hominis,
503 3999 538 4056 et
560 3994 596 4056 in
618 4000 736 4058 neutro
758 3993 896 4057 istorum
918 3992 1085 4079 signomm
1108 3990 1273 4067 deficiunt,

262 4341 645 4411 ¹4⁰]ilomplrereiss8.
774 4337 1276 4405 Μιμῐὸιτοόναγὺηιινόμμ

260 4423 507 4475 ’Frmtbemt
530 4412 930 4484 maalmam&
962 4414 1274 4473 Anadmoelsclnvill

226 4468 1275 4573 smmswysmmssmlmmrymprum·

226 4578 1132 4645 Physr.c.1:'zmv‡pznfim'm;roaudlml
1155 4571 1276 4625 Pium&

226 4657 729 4721 sandasejvlmumfim
749 4606 758 4699 i
775 4658 1018 4724 itmmyphil.
