3008 5490
542 732 720 784 risurum
750 732 974 785 marmorum
1220 718 1286 792 397

280 923 331 989 13.
355 922 443 989 ltem
480 923 569 1009 quod
606 922 779 988 christiani·
810 944 903 1010 reges
934 922 1055 990 debent
1083 946 1150 990 non
1180 924 1285 991 solum

227 1025 377 1113 judicare
408 1026 584 1112 superbum
615 1026 799 1113 episcopum
826 1027 948 1102 Roma,
976 1027 1033 1090 aed
1056 1028 1158 1092 etiam
1189 1028 1286 1114 depo

231 1151 310 1194 nere
347 1127 464 1208 illum‚¹
502 1150 560 1214 per
596 1128 782 1214 exemplum
820 1129 908 1214 quod
945 1133 1057 1193 narrat
1095 1128 1283 1207 Castrensis,

231 1231 317 1296 libro
355 1247 401 1294 vr.
443 1252 510 1316 cap.
553 1235 583 1308 8,
622 1229 663 1296 dc
702 1230 831 1296 Othone
869 1230 1063 1317 imperatore
1101 1232 1284 1318 deponente

230 1333 419 1400 Johannem
443 1332 533 1409 XIl:,
550 1338 584 1398 et
599 1333 793 1399 instituente
817 1333 958 1399 Leonem
981 1356 1039 1420 pro
1062 1334 1125 1399 illo.

279 1439 329 1500 ll.
355 1435 441 1501 Item
468 1434 621 1501 hortatur
644 1435 754 1501 duces²
778 1442 813 1501 et
837 1435 984 1500 dominos
1011 1435 1283 1519 adjudicandum

230 1537 398 1604 eccleciam
437 1536 628 1615 Romanam,
660 1559 759 1624 quam
796 1544 892 1603 vocat
929 1537 1022 1602 illum
1059 1559 1212 1624 magnam
1250 1545 1283 1605 et

230 1640 439 1706 maledictam
463 1641 665 1706 meretricem
688 1640 728 1707 de
743 1662 809 1726 qua
831 1638 855 1705 J
857 1639 999 1704 ohannes
1022 1639 1135 1705 scribit
1157 1640 1283 1727 Apoca-

229 1743 335 1830 lypsis
351 1760 437 1809 rvrr.

740 1955 780 2020 X.

276 2096 327 2162 Dc
350 2096 477 2184 legibus
503 2118 540 2162 ae
563 2095 892 2161 determinationibus
916 2096 1055 2162 ecelesiae
1080 2097 1170 2176 dicit,
1294 2120 1424 2173 mae

277 2204 304 2265 1.
330 2199 425 2281 Quod
455 2199 625 2264 christiani
655 2198 777 2264 babent
805 2199 1014 2264 rationabiles
1039 2200 1220 2266 evidentias
1247 2208 1281 2268 et
1294 2189 1361 2306 {1⁸01ss
1361 2190 1417 2306 ¹¹:3¹3

228 2324 343 2368 aarum
372 2302 550 2389 repellendi
581 2305 708 2366 statuta
744 2323 846 2389 papcc,
879 2307 912 2367 et
942 2303 1134 2368 secularium
1164 2305 1279 2389 praela-
1295 2322 1375 2372 oscha

227 2410 348 2481 torum,
372 2426 446 2488 quae
467 2426 533 2468 non
557 2403 740 2469 fundantur
761 2425 908 2491 expresse
932 2404 967 2469 in
991 2427 1082 2470 sacra
1102 2405 1279 2493 Scriptura,
1294 2389 1396 2440 ⁰¹¹⁰ffh·

227 2506 285 2572 vel
300 2506 484 2572 inevitabili
499 2507 633 2570 ratione.

276 2612 304 2673 2.
329 2606 416 2674 Item
439 2608 519 2673 dicit
540 2610 576 2672 in
590 2607 721 2695 speciali
746 2608 834 2694 quod
848 2608 904 2673 illa
918 2609 972 2673 lex
992 2630 1065 2695 quae
1089 2609 1223 2696 ponitur
1243 2610 1283 2675 de

228 2710 488 2786 consecratione,
505 2710 579 2775 dist.
605 2714 633 2786 2,
651 2710 687 2773 in
709 2710 850 2796 capitulo
894 2709 1078 2789 Secularca,
1091 2717 1125 2776 et
1147 2711 1182 2775 in
1198 2712 1283 2797 capi-

226 2812 300 2880 tulo
332 2810 456 2879 Omnia
478 2811 584 2890 borno,
616 2817 650 2877 et
672 2812 815 2898 capitulo
838 2810 927 2876 Eae
952 2834 1025 2877 coa
1050 2812 1281 2899 frequentina,

228 2922 264 2982 et
287 2915 430 3002 capitulo
453 2914 502 2980 Ira
525 2935 618 2980 coerro
641 2911 797 2991 Domini,
828 2914 917 3000 quod
946 2914 1102 2980 seculares
1129 2916 1186 3001 qui
1216 2939 1282 2981 non

229 3019 392 3106 recipiunt
429 3022 667 3082 sacramentum
705 3017 818 3082 altaris
867 3018 902 3081 in
951 3016 1075 3094 Natali,
1115 3015 1281 3099 Paachate,

228 3127 265 3186 et
296 3120 493 3197 Pentecoste,
522 3141 587 3183 non
617 3124 849 3204 computantur
878 3120 965 3184 inter
995 3119 1195 3197 eluistianos‚
1224 3141 1283 3184 nec

228 3223 409 3287 ereduntur
446 3220 635 3287 christiani.⁴
680 3221 733 3284 Ex
763 3244 828 3307 quo
859 3223 1006 3307 sequitur
1044 3223 1132 3307 quod
1170 3244 1281 3286 omnes

228 3325 337 3391 clerici
367 3332 400 3390 et
438 3325 512 3388 laici
542 3324 600 3408 qui
630 3346 696 3387 non
735 3328 868 3389 servant
905 3345 985 3399 eam,
1025 3324 1158 3388 videtur
1195 3325 1283 3409 quod

227 3427 354 3492 radant
392 3427 435 3491 ad
473 3425 643 3490 infernum.
690 3424 728 3490 Si
761 3432 872 3491 autem
901 3448 968 3490 non
997 3425 1097 3490 habet
1128 3425 1197 3490 vim
1227 3425 1282 3490 lex

228 3531 294 3606 illa,
327 3531 405 3615 quia
436 3530 617 3593 communis
649 3529 847 3593 consuetudo
879 3533 928 3593 est
954 3532 1067 3592 eontra
1097 3550 1179 3605 eam,
1202 3533 1282 3594 tuno

226 3655 396 3719 poscumus
450 3632 638 3696 benedicere
683 3631 890 3695 rebellionem
944 3636 978 3695 et
1023 3631 1281 3697 inobedientiam

227 3742 340 3799 eontra
378 3757 497 3821 papam
527 3739 561 3797 et
585 3732 689 3819 legem
720 3733 821 3819 ipsius
833 3758 841 3811 ;
873 3733 951 3817 quia
981 3732 1061 3796 aliae
1092 3732 1283 3799 deberemus

222 3837 337 3900 <volare
372 3837 414 3900 ad
452 3835 616 3899 infernum
654 3835 723 3899 sinc
762 3835 1002 3921 impedimento.
1072 3835 1125 3899 Ex
1163 3836 1282 3921 quibua

227 3939 393 4004 concludit
423 3937 511 4022 quod
536 3937 705 4002 climatiani
733 3937 852 4003 debent
876 3937 960 4001 bene
986 3938 1166 4024 practizare
1197 3939 1282 4005 hanc

226 4041 371 4106 scholam
405 4039 636 4106 inobedientiae
667 4045 780 4106 contra
815 4063 941 4130 papam,
972 4048 1007 4107 et
1045 4063 1156 4109 omnes
1194 4043 1281 4130 leges

229 4272 583 4281 ———-—-—--———-

260 4433 266 4463 ¹
280 4430 358 4499 illum]
379 4433 445 4484 Note
463 4433 490 4484 in
501 4433 543 4484 the
555 4433 726 4486 transcribere
805 4433 899 4501 'Etrr'J
913 4433 942 4494 cl,
953 4433 1009 4486 MS.

224 4513 469 4577 writingr-“Nola
491 4514 614 4577 quomodo
639 4516 727 4577 probat
806 4515 815 4545 ¹
838 4513 902 4564 This
929 4522 1044 4566 sentence
1072 4514 1094 4566 ln
1120 4515 1275 4580 incompleta

223 4600 239 4620 ⁸⁶
252 4608 323 4657 reges
335 4607 406 4655 posse
416 4593 538 4656 deponere
549 4593 662 4656 papum.”
774 4593 829 4643 The
848 4609 921 4645 sense
941 4593 971 4644 of
985 4593 1026 4644 the
1045 4595 1126 4644 words
1138 4594 1242 4644 omitted
1253 4595 1276 4646 is

259 4670 365 4736 Μαρια]
378 4671 454 4731 dices,
466 4671 530 4733 MS„
543 4673 579 4723 te.
591 4671 683 4722 dicens.
774 4670 887 4725 obrioua
