3008 5490
398 684 438 750 18
701 691 881 746 rsscwom
903 688 1128 744 amasionum

393 887 552 948 aeternum
590 903 611 946 a
648 886 741 969 parte
774 886 857 967 post,
889 880 976 966 quod
1016 880 1106 945 nullo
1146 880 1243 946 modo
1281 880 1362 946 facit
1404 880 1445 946 ad

392 985 623 1070 antiquitatem
642 983 892 1070 praeteritorum,
917 982 1094 1048 ueletiam
1119 983 1340 1068 praesentium,
1367 984 1444 1068 quia

393 1087 505 1151 eadem
527 1087 654 1151 ratione
677 1086 838 1152 diceretur
858 1085 946 1171 quod
967 1085 1077 1149 anima
1092 1074 1163 1170 jam
1185 1086 1316 1151 noviter
1335 1093 1443 1152 creata

392 1194 443 1254 eat
471 1188 707 1276 antiquissima·
755 1186 851 1267 Quod
880 1191 991 1251 autem
1021 1187 1057 1250 in
1087 1187 1254 1273 proposito
1282 1193 1441 1253 aeternum

391 1291 437 1355 sic
471 1290 574 1377 accipi
609 1291 725 1356 debeat
761 1294 802 1354 ut
833 1288 981 1376 praedixi,
1013 1293 1106 1375 patet
1142 1310 1202 1374 per
1229 1288 1369 1375 glossam
1400 1291 1442 1355 ad

392 1392 550 1458 Hebraeos
581 1409 665 1471 xm,
702 1413 799 1478 super
837 1392 893 1456 illo
928 1410 1025 1456 versu
1062 1389 1107 1455 in
1141 1389 1315 1474 sanguine
1345 1397 1440 1458 testo·

391 1494 501 1561 menti
524 1493 651 1560 amasai.
700 1492 834 1569 “Ideo'’
860 1493 981 1578 inquit,
1007 1491 1171 1557 “Novum
1194 1491 1439 1559 Testamentum

394 1605 411 1632 “
434 1599 593 1662 aeternum
619 1596 747 1672 dicitur,
771 1595 849 1681 quia
878 1594 909 1659 ei
945 1594 1037 1659 aliud
1065 1615 1133 1658 non
1162 1594 1343 1660 succedet”
1388 1596 1440 1660 Ex

392 1719 458 1784 quo
486 1703 598 1786 patere
621 1703 730 1784 potest
759 1697 847 1783 quod
867 1696 903 1761 in
925 1695 986 1760 hac
1008 1696 1146 1762 materia
1170 1696 1211 1762 de
1241 1697 1440 1784 antiquitate

394 1801 553 1888 Magister
575 1822 666 1867 meus
688 1822 755 1866 non
777 1799 953 1886 respondet
974 1798 1070 1864 clare.

303 1967 308 1980 ‚
438 1902 523 1983 Quia
552 1909 663 1969 tamen
693 1902 829 1967 ulterius
851 1901 887 1965 in
910 1900 1022 1964 eadem
1052 1900 1181 1965 dixerat
1204 1901 1371 1988 Magister,
1395 1903 1440 1967 ad

392 2005 596 2091 probandum
628 2004 860 2090 antiquitatem
897 2022 965 2067 esse
1002 2023 1130 2066 oausam
1164 2002 1322 2079 veritatis,
1354 2004 1441 2089 quod

395 2107 571 2193 Scripturas
604 2105 832 2170 recentissimae
866 2108 945 2169 sunt
978 2101 1165 2179 falsissimae,
1190 2108 1224 2167 et
1260 2105 1440 2190 exemplifi-

392 2209 481 2273 cavit
502 2209 542 2274 de
562 2208 660 2274 certis
680 2207 894 2272 donationum
915 2210 950 2269 et
968 2204 1194 2269 instmmentis
1215 2206 1442 2272 notariorum·

391 2314 552 2395 quantum
581 2307 624 2374 ad
655 2308 841 2425 hujusmodi
864 2308 1083 2372 instrumenta
1105 2306 1290 2392 relinquens
1316 2308 1440 2394 legistis

391 2411 628 2486 discussionem,
668 2410 772 2495 objeci
811 2409 900 2496 quod
932 2429 1035 2494 genus
1075 2413 1239 2473 cartarum
1279 2430 1347 2474 non
1389 2416 1439 2474 est

390 2535 509 2591 recens,
547 2514 605 2579 sed
642 2434 737 2578 valde
774 2512 955 2596 antiquum.
1002 2509 1100 2574 Et
1091 2531 1126 2573 m
1165 2531 1204 2574 ea
1242 2516 1335 2596 parte
1374 2533 1439 2596 qua

372 2703 374 2708 Ι
392 2616 550 2703 Magister
568 2637 659 2681 meus
674 2615 801 2679 easdem
819 2614 1000 2698 impugnat,
1017 2610 1144 2674 ostendi
1159 2632 1218 2697 per
1235 2610 1437 2698 Scripturam

390 2718 521 2784 subesse
550 2718 732 2793 veritatem,
764 2737 802 2781 eo
829 2713 916 2798 quod
953 2711 1116 2777 Dominus
1146 2712 1232 2776 dixit
1261 2714 1304 2778 od
1330 2714 1436 2780 Abra

389 2820 466 2885 ham
492 2820 609 2888 Genea
636 2834 720 2883 mr.
752 2822 781 2893 8,
813 2817 854 2880 de
879 2819 975 2879 terra·
994 2813 1157 2889 Ohanaan,
1182 2820 1310 2879 urrant
1337 2814 1437 2894 leone,

389 2921 506 3007 inquit,
545 2919 610 2988 tibi
648 2916 733 2986 dabo
768 2925 798 2984 et
835 2915 964 2982 semera·
1012 2921 1071 2979 tuo
1109 2914 1153 2978 ia
1193 2915 1438 2998 possessionem

390 3031 558 3089 (eternam.
616 3022 661 3085 Et
691 3019 886 3105 intelligitur
915 3017 958 3081 ad
980 3017 1116 3091 literam,
1140 3017 1224 3080 sicut
1254 3022 1346 3101 patet
1378 3041 1438 3103 per

279 3182 284 3193 .
391 3126 426 3187 B.
460 3123 692 3209 Augustinum,
724 3121 801 3184 xv1⁰
836 3120 876 3183 de
911 3118 1055 3183 Civitate
1087 3118 1158 3193 Dei,
1194 3139 1261 3206 cap.
1295 3122 1348 3198 21,
1379 3121 1438 3185 ubi

390 3246 449 3310 pro
474 3223 679 3308 responsione
704 3222 861 3306 Magister
884 3220 963 3284 dicit
986 3220 1059 3283 due.

436 3324 582 3387 Primum
621 3328 670 3387 est
701 3323 788 3406 quod
818 3342 883 3385 non
913 3322 1056 3406 pertinet
1090 3321 1132 3384 ad
1172 3321 1358 3408 theologum
1388 3325 1437 3387 in·

391 3425 489 3490 duere
520 3424 668 3488 habitum
700 3424 903 3488 defendentis
933 3427 1047 3497 cartas,
1075 3423 1132 3486 sed
1166 3425 1269 3508 magis
1307 3427 1437 3489 studere

391 3528 552 3610 quomodo
586 3526 723 3590 verbum
756 3525 844 3588 vivit
876 3531 910 3588 et
943 3529 1059 3608 regnat
1093 3545 1152 3608 per
1187 3526 1295 3589 omnia
1330 3529 1437 3591 secula

389 3630 567 3694 seculorum
591 3629 675 3693 sieut
702 3633 772 3690 erat
798 3628 832 3689 in
864 3626 1030 3711 principio,
1056 3629 1090 3688 et
1120 3646 1213 3700 nunc,
1239 3631 1273 3690 et
1302 3649 1435 3713 semper.

390 3731 513 3796 Contra
539 3731 627 3796 istud
658 3751 724 3794 non
748 3729 874 3823 replico,
903 3728 981 3810 quia
1015 3725 1173 3810 Magister
1204 3749 1295 3791 meus
1320 3735 1353 3792 et
1376 3752 1436 3815 ego

389 3835 598 3897 convenimus
632 3838 670 3896 ut
701 3854 774 3895 eum
798 3831 933 3894 caritate
964 3834 997 3891 et
1027 3829 1185 3892 modestia
1218 3832 1434 3914 procedamus

389 3934 622 4000 Verumtamen
661 3933 823 4019 quomodo
854 3931 1000 3994 Verbum
1030 3930 1116 3993 vivit
1154 3938 1188 3994 et
1224 3940 1341 4016 regnat
1370 3935 1435 3997 fide

389 4040 616 4122 cognoscimus,
641 4058 699 4099 nec
722 4036 757 4098 in
780 4035 840 4097 hoc
864 4038 912 4096 est
935 4032 1120 4109 dubitati03
1155 4038 1189 4095 et
1215 4033 1287 4097 ideo
1310 4034 1369 4098 hoo
1392 4037 1433 4100 ad

389 4161 527 4224 praesens
546 4139 712 4224 disputare
735 4158 800 4200 non
823 4138 958 4220 oportet,
979 4155 1038 4197 nec
1059 4134 1201 4219 expedit.

222 4256 378 4320 Wyelisdia
434 4241 600 4318 Quantum
636 4245 746 4303 tamen
777 4238 819 4300 ad
848 4237 1087 4322 responsionem
1117 4237 1326 4322 principalem
1354 4239 1434 4303 dicit

222 4324 345 4384 putesne
390 4341 546 4425 Magister
580 4341 668 4423 quod
697 4340 849 4423 allegatio
878 4360 950 4401 mea
979 4360 1038 4421 pro
1075 4338 1172 4400 cartis
1203 4339 1354 4453 'procedit
1391 4342 1432 4403 ab

221 4403 282 4501 ppgu
266 4388 592 4505 wniidirlinsufficienti
624 4440 737 4503 similit
739 4440 858 4519 udine3
896 4444 929 4502 et
960 4440 1044 4502 ratio
1071 4444 1120 4502 est
1121 4441 1234 4522 ‚quia
1264 4441 1354 4504 Deus
1384 4446 1433 4505 est

123 4601 127 4606 .
221 4519 338 4605 cm
388 4544 548 4608 Dominus
579 4541 769 4606 universalis
800 4542 901 4605 tot1us
924 4542 1085 4625 temporis,
1111 4544 1146 4604 et
1176 4541 1236 4606 tot'
1227 4564 1278 4607 rus
1302 4543 1430 4608 univer-
