<?xml version="1.0" encoding="UTF-8"?>
<!DOCTYPE html PUBLIC "-//W3C//DTD XHTML 1.0 Transitional//EN"
    "http://www.w3.org/TR/xhtml1/DTD/xhtml1-transitional.dtd">
<html xmlns="http://www.w3.org/1999/xhtml" xml:lang="en" lang="en">
 <head>
  <title>
</title>
<meta http-equiv="Content-Type" content="text/html;charset=utf-8" />
  <meta name='ocr-system' content='tesseract 3.04.00' />
  <meta name='ocr-capabilities' content='ocr_page ocr_carea ocr_par ocr_line ocrx_word'/>
</head>
<body>
  <div class='ocr_page' id='page_1' title='image "./fasciculizizani00nettgoog_0424.png"; bbox 0 0 3008 5490; ppageno 0'>
   <div class='ocr_carea' id='block_1_1' title="bbox 551 762 1281 827">
    <p class='ocr_par' dir='ltr' id='par_1_1' title="bbox 551 762 1281 827">
     <span class='ocr_line' id='line_1_1' title="bbox 551 762 1281 827; baseline -0.004 -1"><span class='ocrx_word' id='word_1_1' title='bbox 551 776 732 827; x_wconf 77' lang='lat' dir='ltr'>rascrcnnr</span> <span class='ocrx_word' id='word_1_2' title='bbox 754 773 980 826; x_wconf 65' lang='lat' dir='ltr'>ruinosos·</span> <span class='ocrx_word' id='word_1_3' title='bbox 1216 762 1281 825; x_wconf 82' lang='lat'>325</span> 
     </span>
    </p>
   </div>
   <div class='ocr_carea' id='block_1_2' title="bbox 228 1081 1282 1473">
    <p class='ocr_par' dir='ltr' id='par_1_2' title="bbox 228 1081 1282 1272">
     <span class='ocr_line' id='line_1_2' title="bbox 275 1081 1282 1170; baseline -0.005 -20"><span class='ocrx_word' id='word_1_4' title='bbox 275 1084 377 1165; x_wconf 81' lang='lat' dir='ltr'>Quod</span> <span class='ocrx_word' id='word_1_5' title='bbox 400 1083 540 1170; x_wconf 79' lang='lat' dir='ltr'>religiosi</span> <span class='ocrx_word' id='word_1_6' title='bbox 564 1085 713 1149; x_wconf 86' lang='lat' dir='ltr'>viventes</span> <span class='ocrx_word' id='word_1_7' title='bbox 743 1083 779 1147; x_wconf 92' lang='lat' dir='ltr'>in</span> <span class='ocrx_word' id='word_1_8' title='bbox 809 1082 1019 1167; x_wconf 80' lang='lat' dir='ltr'>religionibus</span> <span class='ocrx_word' id='word_1_9' title='bbox 1049 1081 1186 1167; x_wconf 85' lang='lat' dir='ltr'>privatis</span> <span class='ocrx_word' id='word_1_10' title='bbox 1216 1103 1282 1146; x_wconf 92' lang='lat' dir='ltr'>non</span> 
     </span>
     <span class='ocr_line' id='line_1_3' title="bbox 228 1185 759 1272; baseline -0.006 -20"><span class='ocrx_word' id='word_1_11' title='bbox 228 1192 310 1252; x_wconf 87' lang='lat' dir='ltr'>sunt</span> <span class='ocrx_word' id='word_1_12' title='bbox 333 1186 376 1252; x_wconf 89' lang='lat' dir='ltr'>de</span> <span class='ocrx_word' id='word_1_13' title='bbox 397 1187 553 1272; x_wconf 88' lang='lat' dir='ltr'>religione</span> <span class='ocrx_word' id='word_1_14' title='bbox 573 1185 759 1251; x_wconf 83' lang='lat' dir='ltr'>christiana</span> 
     </span>
    </p>

    <p class='ocr_par' dir='ltr' id='par_1_3' title="bbox 232 1282 1278 1473">
     <span class='ocr_line' id='line_1_4' title="bbox 276 1282 1278 1373; baseline -0.004 -22"><span class='ocrx_word' id='word_1_15' title='bbox 276 1287 499 1373; x_wconf 85' lang='lat' dir='ltr'>Intelligendo</span> <span class='ocrx_word' id='word_1_16' title='bbox 532 1285 623 1351; x_wconf 86' lang='lat' dir='ltr'>illam</span> <span class='ocrx_word' id='word_1_17' title='bbox 647 1285 883 1359; x_wconf 85' lang='lat' dir='ltr'>universaliter,</span> <span class='ocrx_word' id='word_1_18' title='bbox 916 1289 956 1348; x_wconf 90' lang='lat' dir='ltr'>ut</span> <span class='ocrx_word' id='word_1_19' title='bbox 986 1282 1178 1369; x_wconf 76' lang='lat' dir='ltr'>praedictum</span> <span class='ocrx_word' id='word_1_20' title='bbox 1209 1288 1278 1348; x_wconf 85' lang='lat' dir='ltr'>est:</span> 
     </span>
     <span class='ocr_line' id='line_1_5' title="bbox 232 1387 739 1473; baseline -0.006 -18"><span class='ocrx_word' id='word_1_21' title='bbox 232 1387 439 1455; x_wconf 87' lang='lat' dir='ltr'>oonoedimus</span> <span class='ocrx_word' id='word_1_22' title='bbox 461 1388 549 1473; x_wconf 89' lang='lat' dir='ltr'>quod</span> <span class='ocrx_word' id='word_1_23' title='bbox 570 1392 621 1453; x_wconf 86' lang='lat' dir='ltr'>est</span> <span class='ocrx_word' id='word_1_24' title='bbox 642 1408 739 1453; x_wconf 86' lang='lat' dir='ltr'>error.</span> 
     </span>
    </p>
   </div>
   <div class='ocr_carea' id='block_1_3' title="bbox 702 1608 828 1676">
    <p class='ocr_par' dir='ltr' id='par_1_4' title="bbox 702 1608 828 1676">
     <span class='ocr_line' id='line_1_6' title="bbox 702 1608 828 1676; baseline -0.008 0"><span class='ocrx_word' id='word_1_25' title='bbox 702 1608 828 1676; x_wconf 87' lang='lat' dir='ltr'>XXIV.</span> 
     </span>
    </p>
   </div>
   <div class='ocr_carea' id='block_1_4' title="bbox 229 1732 1281 2127">
    <p class='ocr_par' dir='ltr' id='par_1_5' title="bbox 231 1732 1281 1924">
     <span class='ocr_line' id='line_1_7' title="bbox 278 1732 1281 1820; baseline -0.005 -18"><span class='ocrx_word' id='word_1_26' title='bbox 278 1735 377 1817; x_wconf 85' lang='lat' dir='ltr'>Quod</span> <span class='ocrx_word' id='word_1_27' title='bbox 409 1735 526 1801; x_wconf 86' lang='lat' dir='ltr'>fratres</span> <span class='ocrx_word' id='word_1_28' title='bbox 559 1739 735 1800; x_wconf 87' lang='lat' dir='ltr'>teneantur</span> <span class='ocrx_word' id='word_1_29' title='bbox 772 1756 830 1820; x_wconf 88' lang='lat' dir='ltr'>per</span> <span class='ocrx_word' id='word_1_30' title='bbox 865 1732 1009 1798; x_wconf 88' lang='lat' dir='ltr'>laborem</span> <span class='ocrx_word' id='word_1_31' title='bbox 1045 1753 1211 1808; x_wconf 89' lang='lat' dir='ltr'>manuum,</span> <span class='ocrx_word' id='word_1_32' title='bbox 1247 1738 1281 1797; x_wconf 90' lang='lat' dir='ltr'>et</span> 
     </span>
     <span class='ocr_line' id='line_1_8' title="bbox 231 1833 1139 1924; baseline -0.007 -21"><span class='ocrx_word' id='word_1_33' title='bbox 231 1860 297 1903; x_wconf 91' lang='lat' dir='ltr'>non</span> <span class='ocrx_word' id='word_1_34' title='bbox 320 1860 379 1924; x_wconf 86' lang='lat' dir='ltr'>per</span> <span class='ocrx_word' id='word_1_35' title='bbox 401 1837 680 1911; x_wconf 87' lang='lat' dir='ltr'>mendioationem,</span> <span class='ocrx_word' id='word_1_36' title='bbox 703 1835 828 1900; x_wconf 87' lang='lat' dir='ltr'>vietum</span> <span class='ocrx_word' id='word_1_37' title='bbox 850 1856 946 1899; x_wconf 89' lang='lat' dir='ltr'>suum</span> <span class='ocrx_word' id='word_1_38' title='bbox 968 1833 1139 1919; x_wconf 70' lang='lat' dir='ltr'>anluirere.</span> 
     </span>
    </p>

    <p class='ocr_par' dir='ltr' id='par_1_6' title="bbox 229 1935 1276 2127">
     <span class='ocr_line' id='line_1_9' title="bbox 277 1935 1276 2026; baseline -0.005 -22"><span class='ocrx_word' id='word_1_39' title='bbox 277 1939 497 2026; x_wconf 86' lang='lat' dir='ltr'>Intelligendo</span> <span class='ocrx_word' id='word_1_40' title='bbox 528 1938 618 2002; x_wconf 87' lang='lat' dir='ltr'>illam</span> <span class='ocrx_word' id='word_1_41' title='bbox 649 1935 766 2002; x_wconf 91' lang='lat' dir='ltr'>etiam¹</span> <span class='ocrx_word' id='word_1_42' title='bbox 791 1935 1029 2013; x_wconf 86' lang='lat' dir='ltr'>universaliter,</span> <span class='ocrx_word' id='word_1_43' title='bbox 1051 1936 1136 2000; x_wconf 85' lang='lat' dir='ltr'>siout</span> <span class='ocrx_word' id='word_1_44' title='bbox 1166 1935 1276 2021; x_wconf 87' lang='lat' dir='ltr'>prius:</span> 
     </span>
     <span class='ocr_line' id='line_1_10' title="bbox 229 2040 735 2127; baseline -0.01 -18"><span class='ocrx_word' id='word_1_45' title='bbox 229 2041 435 2109; x_wconf 84' lang='lat' dir='ltr'>oonoedimus</span> <span class='ocrx_word' id='word_1_46' title='bbox 458 2040 547 2127; x_wconf 91' lang='lat' dir='ltr'>quod</span> <span class='ocrx_word' id='word_1_47' title='bbox 568 2045 619 2105; x_wconf 86' lang='lat' dir='ltr'>est</span> <span class='ocrx_word' id='word_1_48' title='bbox 640 2061 735 2105; x_wconf 88' lang='lat' dir='ltr'>error.</span> 
     </span>
    </p>
   </div>
   <div class='ocr_carea' id='block_1_5' title="bbox 226 2579 1446 2772">
    <p class='ocr_par' dir='ltr' id='par_1_7' title="bbox 226 2579 1446 2772">
     <span class='ocr_line' id='line_1_11' title="bbox 275 2579 1446 2668; baseline 0.006 -24"><span class='ocrx_word' id='word_1_49' title='bbox 275 2579 360 2646; x_wconf 72' lang='lat' dir='ltr'>Haeo</span> <span class='ocrx_word' id='word_1_50' title='bbox 397 2588 499 2668; x_wconf 85' lang='lat' dir='ltr'>pater,</span> <span class='ocrx_word' id='word_1_51' title='bbox 536 2589 571 2648; x_wconf 91' lang='lat' dir='ltr'>et</span> <span class='ocrx_word' id='word_1_52' title='bbox 608 2583 738 2648; x_wconf 88' lang='lat' dir='ltr'>domine</span> <span class='ocrx_word' id='word_1_53' title='bbox 774 2584 957 2661; x_wconf 82' lang='lat' dir='ltr'>reverende,</span> <span class='ocrx_word' id='word_1_54' title='bbox 996 2582 1164 2648; x_wconf 77' lang='lat' dir='ltr'>hiuniliter</span> <span class='ocrx_word' id='word_1_55' title='bbox 1200 2586 1373 2650; x_wconf 78' lang='lat' dir='ltr'>sunt&#39;rhese</span> <span class='ocrx_word' id='word_1_56' title='bbox 1385 2614 1446 2650; x_wconf 81' lang='lat' dir='ltr'>aon-</span> 
     </span>
     <span class='ocr_line' id='line_1_12' title="bbox 226 2682 1277 2772; baseline -0.001 -24"><span class='ocrx_word' id='word_1_57' title='bbox 226 2682 326 2758; x_wconf 65' lang='lat' dir='ltr'>dicta</span> <span class='ocrx_word' id='word_1_58' title='bbox 354 2704 428 2748; x_wconf 91' lang='lat' dir='ltr'>cum</span> <span class='ocrx_word' id='word_1_59' title='bbox 451 2685 696 2770; x_wconf 75' lang='lat' dir='ltr'>supportatione</span> <span class='ocrx_word' id='word_1_60' title='bbox 720 2692 830 2750; x_wconf 85' lang='lat' dir='ltr'>vestro</span> <span class='ocrx_word' id='word_1_61' title='bbox 854 2686 998 2772; x_wconf 87' lang='lat' dir='ltr'>gratiosa</span> <span class='ocrx_word' id='word_1_62' title='bbox 1022 2689 1057 2748; x_wconf 90' lang='lat' dir='ltr'>et</span> <span class='ocrx_word' id='word_1_63' title='bbox 1082 2682 1277 2748; x_wconf 82' lang='lat' dir='ltr'>correctione</span> 
     </span>
    </p>
   </div>
   <div class='ocr_carea' id='block_1_6' title="bbox 1289 2664 1447 2782">
    <p class='ocr_par' dir='ltr' id='par_1_8' title="bbox 1289 2664 1447 2782">
     <span class='ocr_line' id='line_1_13' title="bbox 1289 2664 1447 2716; baseline 0.025 -4"><span class='ocrx_word' id='word_1_64' title='bbox 1289 2664 1398 2715; x_wconf 78' lang='lat' dir='ltr'>elusione</span> <span class='ocrx_word' id='word_1_65' title='bbox 1407 2681 1447 2716; x_wconf 73' lang='lat' dir='ltr'>ve</span> 
     </span>
     <span class='ocr_line' id='line_1_14' title="bbox 1289 2730 1419 2782; baseline 0.023 -3"><span class='ocrx_word' id='word_1_66' title='bbox 1289 2730 1383 2781; x_wconf 78' lang='lat' dir='ltr'>submit</span> <span class='ocrx_word' id='word_1_67' title='bbox 1392 2738 1419 2782; x_wconf 78' lang='lat' dir='ltr'>to</span> 
     </span>
    </p>
   </div>
   <div class='ocr_carea' id='block_1_7' title="bbox 224 2782 1409 4084">
    <p class='ocr_par' dir='ltr' id='par_1_9' title="bbox 225 2782 1409 3762">
     <span class='ocr_line' id='line_1_15' title="bbox 226 2782 1406 2870; baseline -0.003 -20"><span class='ocrx_word' id='word_1_68' title='bbox 226 2782 380 2870; x_wconf 71' lang='lat' dir='ltr'>benigna</span> <span class='ocrx_word' id='word_1_69' title='bbox 411 2792 573 2870; x_wconf 86' lang='lat' dir='ltr'>quantum</span> <span class='ocrx_word' id='word_1_70' title='bbox 602 2793 714 2852; x_wconf 88' lang='lat' dir='ltr'>nostro</span> <span class='ocrx_word' id='word_1_71' title='bbox 744 2786 874 2852; x_wconf 92' lang='lat' dir='ltr'>modulo</span> <span class='ocrx_word' id='word_1_72' title='bbox 904 2792 939 2851; x_wconf 88' lang='lat' dir='ltr'>et</span> <span class='ocrx_word' id='word_1_73' title='bbox 968 2785 1117 2849; x_wconf 72' lang='lat' dir='ltr'>exilitate</span> <span class='ocrx_word' id='word_1_74' title='bbox 1154 2785 1277 2870; x_wconf 80' lang='lat' dir='ltr'>ingenii</span> <span class='ocrx_word' id='word_1_75' title='bbox 1288 2809 1354 2860; x_wconf 76' lang='lat' dir='ltr'>your</span> <span class='ocrx_word' id='word_1_76' title='bbox 1363 2811 1406 2847; x_wconf 74' lang='lat' dir='ltr'>ao·</span> 
     </span>
     <span class='ocr_line' id='line_1_16' title="bbox 227 2869 1409 2977; baseline -0.001 -26"><span class='ocrx_word' id='word_1_77' title='bbox 227 2884 416 2962; x_wconf 81' lang='lat' dir='ltr'>sufficimus,</span> <span class='ocrx_word' id='word_1_78' title='bbox 463 2909 522 2973; x_wconf 94' lang='lat' dir='ltr'>pro</span> <span class='ocrx_word' id='word_1_79' title='bbox 570 2888 750 2972; x_wconf 83' lang='lat' dir='ltr'>praesenti3</span> <span class='ocrx_word' id='word_1_80' title='bbox 797 2888 919 2953; x_wconf 89' lang='lat' dir='ltr'>honore</span> <span class='ocrx_word' id='word_1_81' title='bbox 966 2887 1086 2963; x_wconf 89' lang='lat' dir='ltr'>divino,</span> <span class='ocrx_word' id='word_1_82' title='bbox 1135 2887 1277 2951; x_wconf 78' lang='lat' dir='ltr'>veritate</span> <span class='ocrx_word' id='word_1_83' title='bbox 1288 2869 1409 2977; x_wconf 49' lang='lat'>3¹22</span> 
     </span>
     <span class='ocr_line' id='line_1_17' title="bbox 226 2986 1391 3073; baseline -0.002 -20"><span class='ocrx_word' id='word_1_84' title='bbox 226 2986 315 3063; x_wconf 86' lang='lat' dir='ltr'>fidei,</span> <span class='ocrx_word' id='word_1_85' title='bbox 346 2986 399 3052; x_wconf 75' lang='lat' dir='ltr'>et²</span> <span class='ocrx_word' id='word_1_86' title='bbox 428 2988 624 3052; x_wconf 86' lang='lat' dir='ltr'>eonscientia</span> <span class='ocrx_word' id='word_1_87' title='bbox 656 2995 746 3054; x_wconf 86' lang='lat' dir='ltr'>reeta</span> <span class='ocrx_word' id='word_1_88' title='bbox 775 2990 810 3053; x_wconf 91' lang='lat' dir='ltr'>in</span> <span class='ocrx_word' id='word_1_89' title='bbox 840 2989 991 3055; x_wconf 83' lang='lat' dir='ltr'>omnibus</span> <span class='ocrx_word' id='word_1_90' title='bbox 1021 3009 1148 3073; x_wconf 86' lang='lat' dir='ltr'>semper</span> <span class='ocrx_word' id='word_1_91' title='bbox 1169 2987 1276 3065; x_wconf 88' lang='lat' dir='ltr'>salvis,</span> <span class='ocrx_word' id='word_1_92' title='bbox 1288 2993 1391 3044; x_wconf 68' lang='lat' dir='ltr'>moon</span> 
     </span>
     <span class='ocr_line' id='line_1_18' title="bbox 226 3087 1277 3175; baseline -0.001 -22"><span class='ocrx_word' id='word_1_93' title='bbox 226 3087 388 3153; x_wconf 82' lang='lat' dir='ltr'>humilius</span> <span class='ocrx_word' id='word_1_94' title='bbox 417 3109 482 3172; x_wconf 93' lang='lat' dir='ltr'>quo</span> <span class='ocrx_word' id='word_1_95' title='bbox 516 3088 693 3154; x_wconf 82' lang='lat' dir='ltr'>sufficimus</span> <span class='ocrx_word' id='word_1_96' title='bbox 730 3091 957 3175; x_wconf 82' lang='lat' dir='ltr'>supplicantes,</span> <span class='ocrx_word' id='word_1_97' title='bbox 988 3088 1098 3174; x_wconf 83' lang='lat' dir='ltr'>quod³</span> <span class='ocrx_word' id='word_1_98' title='bbox 1127 3089 1155 3152; x_wconf 93' lang='lat' dir='ltr'>si</span> <span class='ocrx_word' id='word_1_99' title='bbox 1188 3089 1277 3152; x_wconf 87' lang='lat' dir='ltr'>aliud</span> 
     </span>
     <span class='ocr_line' id='line_1_19' title="bbox 227 3188 1278 3266; baseline -0.001 -12"><span class='ocrx_word' id='word_1_100' title='bbox 227 3188 283 3254; x_wconf 85' lang='lat' dir='ltr'>vel</span> <span class='ocrx_word' id='word_1_101' title='bbox 314 3189 409 3254; x_wconf 82' lang='lat' dir='ltr'>aliter</span> <span class='ocrx_word' id='word_1_102' title='bbox 439 3196 556 3255; x_wconf 67' lang='lat' dir='ltr'>vestrae</span> <span class='ocrx_word' id='word_1_103' title='bbox 595 3191 789 3266; x_wconf 82' lang='lat' dir='ltr'>discretioni,</span> <span class='ocrx_word' id='word_1_104' title='bbox 821 3213 859 3256; x_wconf 83' lang='lat' dir='ltr'>ao</span> <span class='ocrx_word' id='word_1_105' title='bbox 888 3190 1088 3255; x_wconf 74' lang='lat' dir='ltr'>excellentiae</span> <span class='ocrx_word' id='word_1_106' title='bbox 1125 3189 1278 3253; x_wconf 83' lang='lat' dir='ltr'>videatur</span> 
     </span>
     <span class='ocr_line' id='line_1_20' title="bbox 226 3289 1278 3378; baseline -0.002 -22"><span class='ocrx_word' id='word_1_107' title='bbox 226 3289 411 3366; x_wconf 78' lang='lat' dir='ltr'>dicendum,</span> <span class='ocrx_word' id='word_1_108' title='bbox 459 3291 613 3376; x_wconf 83' lang='lat' dir='ltr'>dignetur</span> <span class='ocrx_word' id='word_1_109' title='bbox 656 3299 766 3376; x_wconf 87' lang='lat' dir='ltr'>vestra</span> <span class='ocrx_word' id='word_1_110' title='bbox 810 3292 955 3378; x_wconf 87' lang='lat' dir='ltr'>gratiosa</span> <span class='ocrx_word' id='word_1_111' title='bbox 1002 3290 1184 3377; x_wconf 83' lang='lat' dir='ltr'>patemitas</span> <span class='ocrx_word' id='word_1_112' title='bbox 1220 3312 1278 3375; x_wconf 87' lang='lat' dir='ltr'>per</span> 
     </span>
     <span class='ocr_line' id='line_1_21' title="bbox 226 3391 1277 3479; baseline -0.003 -20"><span class='ocrx_word' id='word_1_113' title='bbox 226 3391 432 3478; x_wconf 78' lang='lat' dir='ltr'>scripturam</span> <span class='ocrx_word' id='word_1_114' title='bbox 469 3415 601 3468; x_wconf 80' lang='lat' dir='ltr'>sacram,</span> <span class='ocrx_word' id='word_1_115' title='bbox 633 3415 692 3479; x_wconf 89' lang='lat' dir='ltr'>per</span> <span class='ocrx_word' id='word_1_116' title='bbox 721 3393 1006 3459; x_wconf 82' lang='lat' dir='ltr'>determinationes</span> <span class='ocrx_word' id='word_1_117' title='bbox 1040 3392 1188 3468; x_wconf 73' lang='lat' dir='ltr'>eeclesiae,</span> <span class='ocrx_word' id='word_1_118' title='bbox 1218 3397 1277 3456; x_wconf 87' lang='lat' dir='ltr'>aut</span> 
     </span>
     <span class='ocr_line' id='line_1_22' title="bbox 227 3493 1277 3572; baseline -0.001 -13"><span class='ocrx_word' id='word_1_119' title='bbox 227 3493 321 3559; x_wconf 83' lang='lat' dir='ltr'>diota</span> <span class='ocrx_word' id='word_1_120' title='bbox 343 3498 528 3558; x_wconf 78' lang='lat' dir='ltr'>sanctorum</span> <span class='ocrx_word' id='word_1_121' title='bbox 552 3493 729 3572; x_wconf 78' lang='lat' dir='ltr'>doctorum,</span> <span class='ocrx_word' id='word_1_122' title='bbox 753 3517 812 3558; x_wconf 92' lang='lat' dir='ltr'>nos</span> <span class='ocrx_word' id='word_1_123' title='bbox 834 3499 874 3558; x_wconf 91' lang='lat' dir='ltr'>ut</span> <span class='ocrx_word' id='word_1_124' title='bbox 895 3493 979 3558; x_wconf 90' lang='lat' dir='ltr'>filios</span> <span class='ocrx_word' id='word_1_125' title='bbox 1001 3493 1184 3558; x_wconf 89' lang='lat' dir='ltr'>informare.</span> <span class='ocrx_word' id='word_1_126' title='bbox 1231 3493 1277 3558; x_wconf 90' lang='lat' dir='ltr'>Et</span> 
     </span>
     <span class='ocr_line' id='line_1_23' title="bbox 225 3594 1276 3682; baseline -0.001 -22"><span class='ocrx_word' id='word_1_127' title='bbox 225 3615 343 3660; x_wconf 80' lang='lat' dir='ltr'>revera</span> <span class='ocrx_word' id='word_1_128' title='bbox 367 3599 485 3660; x_wconf 80' lang='lat' dir='ltr'>vestrae</span> <span class='ocrx_word' id='word_1_129' title='bbox 518 3594 692 3660; x_wconf 80' lang='lat' dir='ltr'>salubriori</span> <span class='ocrx_word' id='word_1_130' title='bbox 717 3595 873 3661; x_wconf 75' lang='lat' dir='ltr'>doctrinae</span> <span class='ocrx_word' id='word_1_131' title='bbox 899 3596 1008 3660; x_wconf 92' lang='lat' dir='ltr'>animo</span> <span class='ocrx_word' id='word_1_132' title='bbox 1037 3594 1276 3682; x_wconf 89' lang='lat' dir='ltr'>promptissimo</span> 
     </span>
     <span class='ocr_line' id='line_1_24' title="bbox 226 3695 933 3762; baseline -0.004 0"><span class='ocrx_word' id='word_1_133' title='bbox 226 3702 263 3762; x_wconf 89' lang='lat' dir='ltr'>et</span> <span class='ocrx_word' id='word_1_134' title='bbox 286 3695 551 3761; x_wconf 86' lang='lat' dir='ltr'>obedientissimo</span> <span class='ocrx_word' id='word_1_135' title='bbox 573 3697 723 3761; x_wconf 86' lang='lat' dir='ltr'>volumus</span> <span class='ocrx_word' id='word_1_136' title='bbox 745 3697 933 3761; x_wconf 78' lang='lat' dir='ltr'>consentire.</span> 
     </span>
    </p>

    <p class='ocr_par' dir='ltr' id='par_1_10' title="bbox 224 3796 1278 4084">
     <span class='ocr_line' id='line_1_25' title="bbox 272 3796 1278 3883; baseline 0 -22"><span class='ocrx_word' id='word_1_137' title='bbox 272 3796 406 3861; x_wconf 70' lang='lat' dir='ltr'>Placeat</span> <span class='ocrx_word' id='word_1_138' title='bbox 426 3796 529 3882; x_wconf 90' lang='lat' dir='ltr'>igitur</span> <span class='ocrx_word' id='word_1_139' title='bbox 542 3803 659 3862; x_wconf 75' lang='lat' dir='ltr'>vestrae</span> <span class='ocrx_word' id='word_1_140' title='bbox 682 3798 875 3883; x_wconf 79' lang='lat' dir='ltr'>paternitati</span> <span class='ocrx_word' id='word_1_141' title='bbox 896 3797 1081 3862; x_wconf 77' lang='lat' dir='ltr'>reverendae</span> <span class='ocrx_word' id='word_1_142' title='bbox 1105 3797 1173 3862; x_wconf 79' lang='lat' dir='ltr'>haee</span> <span class='ocrx_word' id='word_1_143' title='bbox 1189 3798 1278 3862; x_wconf 83' lang='lat' dir='ltr'>diota</span> 
     </span>
     <span class='ocr_line' id='line_1_26' title="bbox 224 3898 1275 3985; baseline -0.001 -21"><span class='ocrx_word' id='word_1_144' title='bbox 224 3899 325 3965; x_wconf 85' lang='lat' dir='ltr'>solito</span> <span class='ocrx_word' id='word_1_145' title='bbox 362 3898 577 3984; x_wconf 82' lang='lat' dir='ltr'>benignitatis</span> <span class='ocrx_word' id='word_1_146' title='bbox 608 3919 696 3963; x_wconf 87' lang='lat' dir='ltr'>more</span> <span class='ocrx_word' id='word_1_147' title='bbox 725 3898 951 3963; x_wconf 85' lang='lat' dir='ltr'>favorabiliter</span> <span class='ocrx_word' id='word_1_148' title='bbox 983 3904 1170 3985; x_wconf 78' lang='lat' dir='ltr'>aeoeptare3</span> <span class='ocrx_word' id='word_1_149' title='bbox 1201 3921 1275 3963; x_wconf 87' lang='lat' dir='ltr'>eum</span> 
     </span>
     <span class='ocr_line' id='line_1_27' title="bbox 224 3999 1276 4084; baseline -0.002 -17"><span class='ocrx_word' id='word_1_150' title='bbox 224 3999 448 4067; x_wconf 72' lang='lat' dir='ltr'>conclusiones</span> <span class='ocrx_word' id='word_1_151' title='bbox 485 3999 679 4084; x_wconf 71' lang='lat' dir='ltr'>supradictas</span> <span class='ocrx_word' id='word_1_152' title='bbox 716 4021 883 4084; x_wconf 89' lang='lat' dir='ltr'>nunquam</span> <span class='ocrx_word' id='word_1_153' title='bbox 921 4005 1014 4064; x_wconf 89' lang='lat' dir='ltr'>erant</span> <span class='ocrx_word' id='word_1_154' title='bbox 1050 4006 1178 4077; x_wconf 88' lang='lat' dir='ltr'>nostrae,</span> <span class='ocrx_word' id='word_1_155' title='bbox 1217 4007 1276 4065; x_wconf 86' lang='lat' dir='ltr'>aut</span> 
     </span>
    </p>
   </div>
   <div class='ocr_carea' id='block_1_8' title="bbox 225 4099 1275 4188">
    <p class='ocr_par' dir='ltr' id='par_1_11' title="bbox 225 4099 1275 4188">
     <span class='ocr_line' id='line_1_28' title="bbox 225 4099 1275 4188; baseline 0 -22"><span class='ocrx_word' id='word_1_156' title='bbox 225 4101 263 4166; x_wconf 90' lang='lat' dir='ltr'>in</span> <span class='ocrx_word' id='word_1_157' title='bbox 295 4099 412 4165; x_wconf 79' lang='lat' dir='ltr'>scholis</span> <span class='ocrx_word' id='word_1_158' title='bbox 442 4123 463 4165; x_wconf 89' lang='lat' dir='ltr'>a</span> <span class='ocrx_word' id='word_1_159' title='bbox 493 4100 588 4164; x_wconf 90' lang='lat' dir='ltr'>nobis</span> <span class='ocrx_word' id='word_1_160' title='bbox 610 4107 750 4178; x_wconf 84' lang='lat' dir='ltr'>assertae,</span> <span class='ocrx_word' id='word_1_161' title='bbox 775 4101 827 4167; x_wconf 88' lang='lat' dir='ltr'>vel</span> <span class='ocrx_word' id='word_1_162' title='bbox 857 4102 893 4164; x_wconf 93' lang='lat' dir='ltr'>in</span> <span class='ocrx_word' id='word_1_163' title='bbox 922 4100 1123 4166; x_wconf 90' lang='lat' dir='ltr'>sermonibus</span> <span class='ocrx_word' id='word_1_164' title='bbox 1149 4102 1275 4188; x_wconf 90' lang='lat' dir='ltr'>publioe</span> 
     </span>
    </p>
   </div>
   <div class='ocr_carea' id='block_1_9' title="bbox 225 4200 422 4290">
    <p class='ocr_par' dir='ltr' id='par_1_12' title="bbox 225 4200 422 4290">
     <span class='ocr_line' id='line_1_29' title="bbox 225 4200 422 4290; baseline -0.015 -21"><span class='ocrx_word' id='word_1_165' title='bbox 225 4200 422 4290; x_wconf 82' lang='lat' dir='ltr'>praedieatae.</span> 
     </span>
    </p>
   </div>
   <div class='ocr_carea' id='block_1_10' title="bbox 228 4569 1020 4719">
    <p class='ocr_par' dir='ltr' id='par_1_13' title="bbox 228 4569 1020 4719">
     <span class='ocr_line' id='line_1_30' title="bbox 262 4569 1020 4642; baseline 0.012 -24"><span class='ocrx_word' id='word_1_166' title='bbox 262 4569 350 4619; x_wconf 73' lang='lat' dir='ltr'>&#39;illum</span> <span class='ocrx_word' id='word_1_167' title='bbox 372 4573 456 4638; x_wconf 61' lang='lat' dir='ltr'>etum]</span> <span class='ocrx_word' id='word_1_168' title='bbox 486 4573 607 4634; x_wconf 65' lang='lat' dir='ltr'>animm,</span> <span class='ocrx_word' id='word_1_169' title='bbox 635 4573 729 4635; x_wconf 80' lang='lat' dir='ltr'>wilk.;</span> <span class='ocrx_word' id='word_1_170' title='bbox 812 4576 1020 4642; x_wconf 75' lang='lat' dir='ltr'>=er]om.wi1k.</span> 
     </span>
     <span class='ocr_line' id='line_1_31' title="bbox 228 4650 1015 4719; baseline 0.005 -19"><span class='ocrx_word' id='word_1_171' title='bbox 228 4650 543 4716; x_wconf 62' lang='lat' dir='ltr'>eommuspelnn</span> <span class='ocrx_word' id='word_1_172' title='bbox 812 4654 906 4719; x_wconf 64' lang='lat' dir='ltr'>&#39;quaeq</span> <span class='ocrx_word' id='word_1_173' title='bbox 920 4653 1015 4705; x_wconf 65' lang='lat' dir='ltr'>oum.</span> 
     </span>
    </p>
   </div>
   <div class='ocr_carea' id='block_1_11' title="bbox 0 0 1508 5490">
    <p class='ocr_par' dir='ltr' id='par_1_14' title="bbox 0 0 1508 5490">
     <span class='ocr_line' id='line_1_32' title="bbox 0 0 1508 5490; baseline 0 0"><span class='ocrx_word' id='word_1_174' title='bbox 0 0 1508 5490; x_wconf 95' lang='lat' dir='ltr'> </span> 
     </span>
    </p>
   </div>
  </div>
 </body>
</html>
