3008 5490
258 748 302 809 88
569 754 750 806 rnscrcum
770 753 994 804 zrznnronun

259 943 422 1030 cognoscit
464 942 712 1028 prasentialiter
748 948 783 1007 et
819 941 912 1018 clere,
951 940 1059 1006 nescio
1099 961 1203 1025 quere
1244 960 1308 1004 non

259 1045 364 1111 omnis
393 1049 542 1109 creatum
570 1050 654 1110 esset
678 1043 841 1131 cognitive
865 1065 1007 1128 praesens
1030 1042 1162 1126 ubique
1210 1040 1313 1104 Miror

259 1152 371 1211 temen
385 1147 547 1231 quomodo
563 1146 721 1232 Magister
741 1167 833 1210 meus
855 1150 988 1230 reputat
1002 1144 1064 1209 hoc
1079 1143 1312 1209 inconveniens

260 1249 348 1332 quod
373 1248 477 1312 omnis
501 1254 649 1312 creatum
672 1248 717 1312 sit
740 1248 863 1333 ubique
894 1268 1043 1331 promens,
1069 1245 1248 1331 cumipse,
1273 1247 1312 1307 ut

259 1349 341 1413 mihi
371 1350 511 1425 videtur,
542 1349 603 1414 hoc
640 1349 760 1412 lrabeat
795 1348 975 1424 concedere,
1007 1369 1073 1412 non
1102 1345 1210 1411 solum
1240 1367 1312 1430 cog-

259 1452 374 1527 nitive,
399 1454 457 1516 sed
481 1453 580 1516 etiam
604 1451 735 1515 realiter
758 1456 792 1514 et
818 1450 1007 1533 subjective,

305 1554 468 1640 Arguitur
485 1554 573 1618 enim
595 1553 647 1617 sic
694 1551 892 1636 Ubicunque
915 1551 1041 1636 aliquid
1059 1557 1117 1629 est,
1135 1551 1184 1616 ibi
1205 1549 1311 1636 ipsum

261 1661 312 1721 est
326 1677 486 1741 proesens3
508 1655 565 1719 sed
585 1654 690 1719 omnis
705 1659 853 1718 creature
869 1652 993 1738 ubique
1013 1658 1063 1718 est
1081 1653 1118 1717 in
1138 1653 1221 1730 Deo,
1238 1673 1313 1737 ergo

262 1758 368 1823 omnis
398 1762 546 1822 creatura
574 1756 697 1840 ubique
727 1760 777 1819 est
799 1776 947 1839 praesens
1003 1754 1123 1819 Forma
1154 1752 1314 1840 urguendi

263 1865 313 1923 est
338 1858 488 1944 Magistri
508 1858 580 1932 mei,
602 1862 636 1920 et
658 1857 762 1940 major
784 1861 876 1942 putet
900 1856 941 1919 de
961 1878 1016 1934 se;
1038 1857 1146 1920 minor
1165 1877 1246 1920 vero
1269 1854 1314 1919 sic

263 1961 426 2045 probatur.
473 1957 587 2022 Omnis
621 1964 769 2022 creature
801 1957 924 2042 ubique
958 1957 1163 2044 cognoscitur
1185 1956 1313 2043 olDeo,

263 2060 347 2124 sicut
377 2061 445 2144 ipse
475 2059 612 2122 assumit
642 2065 755 2122 contre
794 2079 867 2138 me;
910 2081 987 2145 ergo
1029 2059 1135 2124 omnis
1165 2063 1315 2123 creature

263 2160 384 2245 ubique
407 2159 604 2246 intelligitur
625 2183 646 2224 e
668 2160 746 2224 Deo.
786 2160 832 2225 Et
855 2161 1042 2246 ubicunque
1064 2160 1199 2244 aliquod
1221 2158 1317 2223 intel·

263 2262 377 2348 ligitur
398 2284 418 2325 a
441 2262 519 2335 Deo,
536 2262 583 2325 ibi
604 2267 654 2324 est
677 2261 854 2325 secundum
874 2284 942 2327 θεεθ
962 2261 1177 2348 intelligibile,
1201 2266 1237 2326 et
1260 2282 1318 2346 per

264 2385 462 2447 consequens
489 2363 610 2446 ubique
637 2369 687 2427 est
709 2363 744 2426 in
768 2364 846 2427 Deo.
894 2363 959 2428 Sed
982 2364 1168 2449 ubicunque
1190 2361 1317 2448 aliquid

264 2470 314 2529 est
344 2465 380 2527 in
411 2465 489 2540 Deo,
516 2465 562 2528 ibi
588 2471 656 2542 est3
694 2487 769 2551 ergo
794 2465 900 2530 omnis
931 2471 1080 2530 creature
1109 2471 1159 2529 est
1185 2464 1317 2548 ubique.

266 2566 311 2630 Et
334 2566 487 2631 eiuratio
518 2566 622 2653 magis
651 2567 796 2652 procedit
822 2573 936 2632 contra
970 2566 1167 2653 Magistrum
1197 2587 1316 2641 meum,

267 2690 366 2754 quarn
382 2674 495 2751 contre
509 2691 568 2733 me.

97 2786 145 2838 His
156 2788 255 2839 second.
314 2770 359 2835 ΙΙ.
384 2770 532 2836 Secundo
569 2770 679 2857 arguit
716 2771 759 2834 ed
797 2771 883 2836 idem
922 2793 1014 2856 reque
1053 2768 1227 2835 difficulter
1265 2766 1317 2832 sic.

269 2882 287 2907 “
303 2873 356 2936 Ex
380 2871 469 2950 hac,”
484 2872 600 2957 inquit,
620 2872 805 2958 “positione
831 2873 980 2958 sequitur
1006 2873 1092 2958 quod
1118 2872 1209 2935 Deus
1236 2868 1319 2933 nihil

267 2981 409 3062 “potest
427 2976 538 3049 facere,
556 2974 619 3039 nisi
640 2975 675 3037 in
695 2975 868 3059 pumentia
886 2996 980 3052 mea3
1008 2996 1084 3037 nam
1103 2996 1140 3037 eo
1163 2973 1235 3058 ipso
1254 2994 1318 3057 quo

269 3088 286 3112 “
303 3078 428 3161 aliquid
448 3078 486 3141 fit
512 3078 589 3141 dum
611 3077 707 3140 homo
734 3082 783 3139 est
806 3097 947 3161 prresens
968 3077 1003 3138 in
1028 3075 1084 3138 illa.
1108 3075 1258 3150 factione,
1281 3074 1319 3138 fit

270 3190 286 3214 “
303 3181 338 3243 in
354 3179 423 3263 ejus
442 3180 621 3263 pneserrtin.
668 3178 733 3241 Sed
754 3178 844 3240 Deus
862 3199 928 3242 nou
947 3184 1054 3262 potest
1073 3177 1198 3260 aliquid
1215 3177 1319 3240 fiscerc

270 3290 287 3314 “
303 3280 366 3343 nisi
393 3302 452 3363 ego
475 3280 565 3343 fuero
591 3302 731 3363 prensens
761 3280 797 3341 in
827 3279 884 3342 ille
914 3280 1062 3353 suctione,
1097 3278 1152 3365 [fit
1184 3279 1218 3341 in
1250 3280 1319 3362 ojus

270 3389 287 3414 “
303 3379 482 3465 praescntia.
530 3379 594 3441 Sed
620 3380 710 3443 Deus
741 3403 806 3444 non
837 3387 944 3466 potest
971 3378 1122 3464 aliquid]¹
1152 3381 1252 3444 ctiam
1278 3381 1319 3443 ad

270 3489 287 3517 “
304 3501 432 3546 onmem
459 3479 576 3543 scitum
607 3480 693 3557 facti,
721 3482 749 3543 si
780 3483 897 3546 scitum
928 3482 1091 3565 roquirat3
1123 3504 1198 3566 ergo
1229 3481 1319 3545 Deus

271 3593 288 3618 “
304 3607 369 3650 non
397 3588 504 3668 potest
529 3582 652 3666 aliquid
677 3583 779 3647 succro
808 3584 869 3647 nisi
902 3585 936 3645 in
960 3583 1133 3668 presseritis
1159 3605 1251 3645 mea:
1286 3588 1319 3646 et

271 3696 360 3771 “per
382 3707 588 3769 consequens,
608 3686 814 3769 praesentiam
837 3708 943 3749 meam
961 3686 1043 3748 nihil
1066 3689 1173 3769 potest
1193 3684 1320 3749 subter-

271 3798 288 3822 “
304 3786 442 3873 fuge1·e.'’
489 3786 550 3862 Sic,
569 3792 607 3850 ut
631 3787 719 3863 dicit,
744 3810 802 3872 ego
827 3809 929 3850 essem
953 3788 1046 3850 testis
1067 3786 1260 3851 utilissimus
1285 3788 1320 3850 in

269 3890 496 3954 instrumentis
521 3894 554 3953 et
579 3888 683 3965 cortic,
702 3911 781 3972 quas
802 3895 932 3952 tuntum
958 3889 1154 3963 commendo,
1181 3888 1260 3972 quia
1284 3888 1319 3951 in

270 3992 358 4057 omni
379 3996 547 4056 contractu
562 4012 702 4077 precsens
721 3991 853 4054 interfui
869 4014 877 4069 ;
900 3991 1041 4074 eoquod
1061 3990 1088 4052 si
1104 3990 1169 4053 duo
1184 3990 1239 4053 vel
1254 3995 1320 4053 tres

269 4095 416 4159 homines
439 4094 624 4181 congregati
648 4092 778 4168 fuerint,
801 4114 859 4176 ego
882 4114 955 4155 sum
980 4093 1015 4154 in
1039 4092 1146 4155 medio
1169 4113 1289 4154 comni.

185 4242 190 4255 .
249 4267 253 4274 ,
315 4196 358 4260 ln
372 4197 436 4261 isto
451 4202 643 4284 argumento
670 4194 827 4279 Magister
851 4194 947 4256 nimis
968 4193 1106 4257 honorat
1128 4216 1189 4269 mc,
1206 4215 1320 4278 appro-

270 4299 379 4384 prians
416 4299 498 4362 milri
536 4300 659 4364 dictum
699 4295 877 4360 Salva-toris
908 4297 942 4358 iu
974 4295 1150 4382 cvangelio,
1182 4295 1240 4358 ubi
1269 4295 1320 4359 uit

756 4511 779 4516 -.
787 4510 1137 4518 *ω’-...ψ’-
1145 4509 1239 4515 -—.-
1256 4510 1268 4514 -

287 4650 294 4684 ¹
302 4649 474 4719 stt-aliquid]
488 4650 634 4720 apparently
648 4648 770 4715 repeated,
782 4648 816 4716 by
825 4648 867 4701 the
879 4648 1035 4712 transcribet,
1044 4647 1110 4699 from
1121 4645 1222 4699 tholine
1233 4646 1320 4698 above.
