3008 5490
542 751 667 805 ranem
689 754 762 804 AND
784 756 1000 807 DOCUllENTS.
1226 747 1290 809 455

238 939 292 1007 vel
313 940 536 1027 cujuscunque
558 963 669 1008 secum
692 944 901 1010 conformiter
924 944 1106 1023 sentientis,
1135 967 1203 1011 esse
1230 946 1290 1010 im·

235 1043 448 1128 possibilem:
488 1043 562 1109 ideo
595 1066 663 1110 non
693 1045 765 1110 dixi
795 1046 1029 1133 mduplicative
1067 1047 1123 1112 sed
1160 1047 1290 1112 infinite

233 1145 278 1211 dc
301 1146 406 1213 inesse
429 1147 517 1232 quod
537 1147 711 1234 scriptmae
733 1148 966 1215 recentissimae
992 1156 1072 1214 sunt
1098 1150 1287 1228 falsmsimae,

234 1251 277 1313 ut
298 1253 405 1328 cartre,
428 1253 465 1314 et
487 1249 707 1315 instrumente
730 1250 941 1317 notariorum.

283 1353 311 1414 l.
335 1349 381 1417 let
395 1356 488 1437 patet
511 1351 602 1436 quod
624 1352 712 1417 ratio
733 1352 884 1418 Doctcris
906 1352 1076 1439 probantis
1090 1353 1179 1440 quod
1203 1354 1288 1419 anti·

232 1453 346 1538 quites
365 1474 433 1518 non
456 1453 657 1540 suffragatur
679 1451 816 1519 fictitiis¹
834 1455 1152 1540 impossibilitatibus
1177 1461 1288 1542 poeta-

234 1574 318 1632 rum,
343 1576 459 1619 verum
487 1553 678 1633 concludit,²
706 1555 765 1620 sed
794 1555 879 1620 nihil
909 1557 953 1622 ad
982 1579 1059 1621 rem.
1117 1557 1288 1642 Scriptura

231 1659 346 1721 autem
359 1678 460 1734 sacra,
480 1679 556 1723 cum
576 1657 621 1722 sit
644 1657 728 1722 liber
743 1656 833 1735 vitae,
857 1664 908 1723 est
932 1658 1100 1723 infinitum
1120 1659 1288 1744 antiquior

230 1779 335 1844 quam
364 1757 476 1844 aliqua
505 1758 582 1824 talis
612 1758 731 1845 opinio,
762 1759 836 1824 ideo
863 1758 935 1844 ejus
963 1759 1146 1845 antiquitas
1172 1761 1287 1825 confir-

231 1865 305 1924 mat
318 1880 449 1925 omnem
464 1860 641 1925 veritatem
660 1866 812 1938 creatam,
834 1865 874 1925 ut
894 1859 994 1926 libros
1009 1867 1136 1927 nostros
1157 1861 1285 1927 usuales

231 1982 315 2048 quos
337 1982 492 2028 vocamus
514 1963 694 2028 canonicos

278 2065 307 2126 2
331 2063 377 2128 Et
405 2069 500 2148 patet
528 2064 618 2150 quod
647 2064 826 2129 secundum
863 2068 1092 2150 argumentum
1124 2063 1282 2144 Doctoria,

230 2165 321 2251 quod
359 2163 601 2231 mtionnlitate⁸
641 2166 876 2252 preponderat,
914 2168 1015 2232 etiam
1051 2168 1197 2253 procedit
1242 2191 1285 2234 ex

228 2268 410 2353 aequivoco,
431 2268 556 2334 scilicet
573 2269 662 2353 quod
680 2268 764 2333 liber
781 2268 870 2333 Encs
885 2291 952 2334 non
970 2270 1127 2355 recipitur
1147 2294 1168 2335 a
1189 2271 1283 2336 nobis

230 2375 393 2456 tanquam
422 2370 604 2448 canonicus,
635 2393 674 2436 co
704 2370 792 2457 quod
817 2371 977 2435 nescirnus
1007 2379 1140 2457 propter
1171 2395 1283 2438 sccun-

227 2472 309 2537 dam
339 2473 575 2560 antiquitatem
601 2477 716 2537 utrum
744 2472 810 2537 fuit
840 2494 860 2536 a
891 2470 1019 2558 Spiritu
1054 2474 1175 2539 Sancto
1204 2497 1280 2540 auc-

228 2573 396 2640 toritates
457 2575 552 2640 Nihil
574 2582 686 2640 tamen
709 2574 802 2640 obest
824 2574 974 2659 quaedam
998 2576 1183 2661 apocrypha
1208 2598 1280 2641 esse

228 2698 324 2764 mque
347 2698 426 2743 vera
447 2677 532 2743 sicut
554 2675 726 2763 Scriptura
747 2683 860 2741 nostra
881 2676 1043 2742 canonica

275 2783 304 2846 3.
327 2779 440 2845 Tertio
477 2779 588 2867 argrit
624 2779 666 2845 de
703 2777 816 2844 Veteri
854 2783 888 2842 et
921 2777 1018 2843 Novo
1049 2778 1281 2860 Testament03

227 2881 286 2947 sed
315 2880 388 2946 dico
418 2881 507 2968 quod
537 2880 672 2946 Novum
702 2880 950 2946 Testamentum
973 2886 1024 2945 cat
1048 2886 1215 2959 aeternum,
1247 2888 1281 2947 et

227 3005 286 3070 per
316 3005 515 3069 consequens
548 2981 823 3068 antiquissimum,
855 2982 940 3046 sicut
966 2988 1000 3047 et
1031 2982 1136 3048 Vetus
1167 2984 1279 3048 Testa-

227 3091 386 3163 mentum,
410 3086 588 3151 scctmdum
610 3090 736 3171 partem
760 3106 835 3168 quae
858 3106 924 3149 non
944 3089 1052 3171 potest
1071 3091 1277 3151 veterascere

272 3191 302 3251 4.
327 3187 477 3252 Ulterius
506 3187 627 3252 nititur
657 3187 781 3252 Doctor
810 3186 985 3272 dupliciter
1016 3187 1185 3252 ostendere
1212 3188 1278 3254 dic·

226 3295 300 3356 tum
321 3311 430 3355 meum
451 3290 492 3355 de
514 3289 614 3354 cartis
630 3311 697 3354 non
724 3310 792 3354 esse
814 3289 857 3353 ad
881 3289 1090 3376 propositum.

270 3414 301 3457 a.
326 3392 437 3457 Primo
466 3413 505 3456 eo
528 3391 617 3477 quod
643 3395 741 3456 carta
768 3388 954 3475 hujusmodi
977 3413 997 3454 a
1020 3392 1116 3456 valde
1138 3391 1276 3477 antiquo

225 3492 422 3559 introductae
447 3499 533 3558 sunt
584 3493 649 3558 Sed
679 3492 739 3558 hoc
769 3498 819 3557 cst
850 3491 1064 3578 impertinens
1096 3494 1140 3558 ad
1165 3494 1276 3559 exclu-

226 3595 369 3660 dendum
396 3617 451 3660 cas
475 3593 515 3659 de
546 3594 699 3672 falsitate,
725 3615 800 3659 cum
831 3593 991 3659 Diabolus
1020 3594 1086 3660 fuit
1110 3595 1274 3661 homicida

225 3703 261 3763 et
294 3697 438 3762 mendax
480 3696 522 3760 ab
554 3695 670 3761 initio:
706 3697 763 3760 sed
804 3716 847 3761 ex
886 3696 1034 3782 ampliori
1073 3698 1291 3783 antiquitate·

225 3799 330 3872 vincit
353 3799 476 3864 veritas
499 3799 690 3863 falsitatem.
1125 3822 1129 3829 ·

268 3901 295 3966 b.
319 3900 469 3966 Secunda
491 3899 661 3966 evidentia
689 3898 839 3966 Doctcris
870 3899 958 3965 idem
988 3901 1126 3987 probare
1152 3903 1273 3969 nititur

222 4025 281 4090 per
306 4004 413 4069 locum
443 4002 486 4068 ab
516 4002 1128 4088 auetoritatc'ScripturaeGen.xv1u
1153 4011 1183 4081 8,
1214 4007 1273 4070 ubi

223 4106 344 4193 legitur
374 4106 482 4171 Deum
512 4105 637 4170 dedisse
664 4104 807 4170 abrahe
834 4110 868 4169 et
901 4106 1018 4170 semini
1049 4107 1118 4192 ejus
1148 4114 1271 4173 terram

223 4208 382 4276 (annno
405 4207 441 4272 in
463 4207 697 4294 possessionem
727 4211 893 4274 aternam
952 4207 1024 4274 Ista
1048 4210 1135 4276 ratio
1165 4212 1272 4297 placet

638 4435 897 4442 ---.-—-...-.-
920 4435 1079 4442 ..ψῃ-ι-..
1100 4437 1139 4443 --.
1171 4438 1229 4443 ..-.
1256 4438 1269 4443 -

254 4592 488 4664 ’Μαὺῃρᾱῇ
500 4596 556 4650 MS,
600 4662 604 4669 .
732 4574 745 4710 Ι
805 4591 1002 4662 ’ναῐὼηαῙίΙαΙε]
1023 4571 1108 4658 niuei,
1131 4595 1201 4656 Πᾶς
1225 4596 1268 4649 tier

254 4676 407 4742 ²corrcludr't]
420 4675 583 4736 concluditur,
595 4671 650 4729 MS.
770 4679 957 4735 ndcnabilitcr.
