3008 5490
534 725 712 778 rasmcunr
735 726 958 779 zrzamouun.
1224 721 1264 781 21

234 916 360 1001 siquem
391 915 611 1002 expositorem
638 922 786 982 sanctum
812 918 949 1003 mystice
979 919 1033 982 vel
1056 919 1151 983 aliter
1180 921 1268 1005 capit

233 1016 404 1097 veritatem,
438 1017 540 1082 miror
571 1019 733 1103 quomodo
759 1040 838 1083 vera
861 1023 945 1084 esset
974 1020 1013 1083 de
1043 1020 1168 1085 virtute
1203 1043 1268 1084 ser·

231 1120 332 1184 monis
378 1118 519 1185 Constat
538 1119 625 1183 enim
642 1120 729 1203 quod
748 1119 818 1185 haee
837 1119 1014 1205 propositio
1034 1122 1182 1206 partialis
1202 1143 1268 1185 non

229 1220 384 1307 signifieat
403 1220 582 1306 adaequate,
604 1220 689 1284 siout
708 1226 779 1285 tota
802 1222 980 1306 propositio
1004 1222 1095 1305 eujus
1117 1229 1268 1308 estpars,

229 1323 297 1408 quia
331 1322 429 1387 aliter
461 1327 651 1406 sequeretur
686 1322 950 1401 convertibiliter,
981 1322 1091 1389 Judaei
1114 1325 1269 1388 dixenmt
1303 1383 1306 1390 .

228 1421 372 1489 Christum
391 1422 493 1488 habet
515 1423 733 1503 daemonium3
756 1444 832 1509 ergo
856 1422 1006 1488 Christus
1029 1423 1129 1489 hahet
1153 1426 1270 1489 daemo-

226 1524 335 1604 nium3
356 1529 393 1590 et
412 1531 525 1590 tamen
547 1525 739 1590 antecedens
761 1530 810 1590 est
831 1546 947 1589 verum
970 1530 1004 1589 et
1028 1525 1182 1590 catholieo
1205 1549 1271 1590 ore-

227 1626 374 1701 dendmn,
389 1626 447 1690 sed
461 1647 657 1712 oonsequens
672 1632 722 1691 est
742 1627 927 1691 absurdum.
975 1626 1012 1690 Si
1027 1648 1105 1690 vero
1122 1627 1166 1689 sit
1185 1628 1270 1690 ratio

226 1733 259 1793 et
276 1749 342 1793 non
364 1727 552 1815 propositio,
576 1729 691 1793 saltem
711 1730 769 1794 ubi
791 1729 925 1814 ponitur
940 1727 976 1790 in
991 1727 1167 1812 evangelio
1192 1733 1270 1807 tunc

225 1831 351 1917 proprie
371 1829 534 1915 loquendo
554 1851 614 1894 neo
628 1835 678 1894 est
696 1850 859 1905 varanes
880 1829 962 1892 falsa
979 1827 1014 1890 in
1036 1828 1146 1913 aliquo
1167 1850 1269 1891 sensu.

225 1931 267 1996 Et
288 1931 364 1996 ideo
387 1953 455 1995 non
479 1930 576 1995 video
599 1932 760 2016 quomodo
790 1931 854 1995 ista
877 1936 961 1995 esset
983 1952 1062 1993 vera
1084 1930 1124 1993 de
1147 1930 1270 1994 virtute

224 2033 401 2112 sermonis;
424 2031 503 2118 quia
524 2032 552 2096 si
574 2031 619 2096 sit
640 2054 726 2108 vera,
747 2054 769 2095 a
786 2031 857 2117 pari
877 2031 913 2094 in
936 2031 993 2095 illo
1014 2052 1109 2095 sensu
1128 2035 1178 2095 est
1198 2053 1271 2094 oon-

225 2135 373 2214 oedenda,
397 2134 486 2219 quod
505 2155 601 2198 nemo
622 2133 799 2198 natholieus
821 2133 977 2197 admittit.

265 2235 417 2303 Ulterius
430 2241 543 2299 tamen
556 2236 757 2321 prosedendo
772 2234 911 2320 allegavi
925 2235 1154 2301 auctoritatem
1169 2236 1271 2301 Amos
1283 2236 1306 2286 1⁴¹
1306 2235 1397 2298 urther,
1409 2253 1437 2289 Μ

224 2337 367 2412 dioentis,
392 2335 476 2401 Noa
497 2356 577 2401 aaut
594 2335 759 2422 proplwto
778 2357 839 2401 aar
851 2335 956 2420 filius
968 2336 1159 2423 pr·oplaetoe,¹
1183 2339 1270 2423 quod
1283 2312 1437 2418 ffiffl

223 2439 294 2504 ideo
318 2437 416 2514 dixit,
437 2438 516 2523 quia
537 2458 596 2522 pro
617 2443 697 2502 tuno
726 2437 828 2502 sensit
853 2437 1003 2502 sibinen
1027 2460 1094 2503 esse
1118 2440 1270 2524 spiritum
1283 2435 1441 2486 thebookof

224 2539 410 2626 prophetiae.
444 2539 518 2603 Hoc
531 2539 669 2624 probavi
685 2560 726 2602 ex
740 2538 846 2623 glossa
861 2538 990 2603 ibidem.
1025 2550 1043 2575 “
1053 2541 1098 2604 Et
1108 2540 1270 2624 spiritus,”
1284 2501 1371 2551 Am

223 2642 343 2726 inquit,
361 2650 379 2675 “
393 2661 459 2704 non
488 2660 614 2725 semper
635 2640 844 2704 administrat
865 2641 1071 2725 prophetiam
1093 2642 1268 2725 prophetis,

223 2750 242 2778 “
264 2741 324 2807 sed
350 2740 393 2805 sd
413 2745 546 2827 tempus,
572 2746 606 2805 et
627 2747 708 2806 tune
730 2745 816 2806 recte
834 2747 993 2806 voeantur
1014 2741 1182 2826 prophetae
1197 2764 1269 2806 oum

225 2853 242 2880 “
263 2842 500 2907 illuminantur.
558 2841 653 2921 Quod
688 2863 764 2927 ergo
797 2843 846 2906 ait
874 2841 957 2908 Noa
986 2863 1066 2907 aaut
1092 2843 1268 2928 propheto,

221 2955 229 2980 ⁴
264 2944 420 3030 intelligit
434 2941 561 3008 mod0.'’
607 2942 690 3008 Haeo
704 2943 758 3007 ibi.
804 2943 963 3008 Similiter
984 2943 1015 3007 S.
1031 2943 1172 3009 Thomas
1188 2961 1223 3007 11.
1241 2948 1269 3009 2.

226 3046 334 3133 5171.
358 3050 452 3109 tenet
489 3067 531 3108 ex
572 3044 762 3121 intentione,
806 3047 894 3130 quod
930 3046 1102 3130 prophetia
1141 3047 1269 3131 proprio

224 3147 384 3232 loquendo
414 3168 480 3209 non
511 3152 561 3211 est
589 3146 721 3210 habitus
751 3147 804 3210 vel
833 3148 937 3211 forma
974 3170 1174 3234 permanens,
1214 3149 1271 3212 sed

225 3254 355 3314 tautum
378 3248 545 3332 impressio
567 3248 621 3312 vel
644 3248 754 3311 lumen
777 3250 946 3313 transiens.

279 3350 345 3414 Hie
386 3349 467 3412 dicit
505 3348 662 3434 Magister
703 3355 863 3434 quantum
903 3352 944 3413 ad
985 3351 1135 3435 primum,
1184 3353 1271 3438 quod
1284 3351 1400 3433 Wyeurs

224 3454 329 3538 glossa
352 3452 527 3535 illaquam
549 3473 610 3536 ego
624 3473 705 3515 voco
729 3452 937 3528 ordinariam,
961 3454 1075 3517 melius
1098 3462 1271 3519 vocaretur
1283 3421 1337 3535 ἓξὲξ
1347 3423 1430 3535 pisper·

223 3553 483 3618 extraordinaria
495 3576 503 3629 ;
542 3552 619 3637 quia
649 3552 778 3616 sinistre
809 3558 843 3616 et
875 3553 945 3616 sine
976 3555 1145 3619 evidentia
1177 3561 1271 3640 oapta
1284 3553 1379 3602 ΟΜ

226 3678 266 3719 ex
296 3655 394 3719 dictis
425 3654 464 3716 B.
493 3654 641 3738 Gregorii
664 3653 717 3717 vel
744 3653 885 3727 Thomae,
910 3656 1011 3719 sumit
1042 3658 1128 3740 quod
1163 3658 1272 3719 nullus

225 3764 273 3822 est
287 3757 418 3843 proprie
440 3755 598 3840 propheta
620 3755 684 3818 nisi
705 3777 764 3839 pro
787 3778 937 3820 mensura
961 3779 1026 3840 qua
1048 3758 1149 3821 habet
1162 3763 1271 3823 aetum

225 3857 460 3944 propheticum.
499 3856 635 3920 Certum
652 3863 701 3920 est
722 3863 834 3920 tauron
849 3858 936 3942 quod
951 3880 1012 3943 ego
1026 3880 1092 3922 nou
1108 3861 1269 3945 appellavi

225 3960 364 4044 glossam
391 3957 480 4020 illam
507 3957 712 4032 ordinariam,
741 3959 864 4023 neoda
895 3960 955 4023 hoo
979 3960 1039 4023 feei
1063 3963 1269 4025 mentionem.

227 4060 462 4124 Verumtamen
492 4060 586 4122 oredo
617 4060 704 4144 quod
733 4060 777 4122 sit
803 4060 975 4135 ordinaria,
1007 4083 1066 4125 noe
1096 4068 1146 4126 est
1175 4085 1271 4147 oppo-

226 4161 327 4226 situm
346 4160 454 4224 adhue
472 4160 654 4245 probatum.
700 4159 858 4224 Similiter
880 4162 985 4246 glossa
1007 4165 1194 4227 nonhabet
1217 4165 1273 4226 illa

227 4264 326 4326 verba
341 4284 417 4346 quae
433 4260 591 4346 Magister
611 4262 674 4325 sihi
697 4262 844 4346 imponit,
860 4263 982 4327 seilicet
997 4266 1084 4348 quod
1099 4266 1209 4328 nullus
1224 4270 1273 4328 est

227 4364 355 4450 proprie
386 4361 546 4448 propheta
575 4363 638 4426 nisi
669 4385 728 4447 pro
758 4384 910 4428 mensura
940 4387 1005 4450 qua
1034 4365 1133 4429 habet
1164 4370 1273 4430 actum

640 4618 645 4648 ¹
665 4619 745 4669 Amos
757 4616 799 4670 vii.
814 4623 851 4669 1⁴.
