3158 5490
577 709 755 761 rasclcc'u
777 711 1002 763 ZlZANIORUM.

262 1312 434 1378 Saeuum
455 1329 717 1380 numunianum
740 1316 915 1382 Mao1sra1
949 1317 1100 1382 Faunus
1130 1318 1314 1384 Jouauuis

338 1415 570 1480 Kmruormr
606 1434 745 1483 cornua
776 1418 952 1483 Wrcmrr
989 1419 1045 1483 Dr
1078 1436 1314 1487 mammonin

338 1533 514 1583 amoma

309 1714 354 1779 IN
372 1717 509 1781 materia
528 1738 614 1803 saepe
635 1722 724 1782 tacta
746 1718 787 1782 de
810 1718 1023 1804 ampliatione
1047 1719 1204 1804 temporis
1227 1719 1313 1783 inter
1324 1740 1436 1795 m

259 1818 475 1882 reverendum
501 1819 695 1904 magistrum
724 1841 835 1884 meum
859 1825 894 1884 et
918 1821 1088 1884 dominum
1115 1820 1312 1905 Magistrum

258 1917 446 1983 Johannem
482 1919 651 2005 Wycclyff
683 1927 718 1985 et
747 1943 808 2000 me,
839 1922 981 2007 plurima
1012 1922 1084 2007 jam
1114 1927 1315 2007 pertractata

258 2026 343 2096 sunt,
369 2025 439 2084 tam
460 2023 628 2106 arguendo
653 2044 753 2106 quam
774 2024 1006 2108 respondendo,
1039 2044 1113 2108 quae
1131 2024 1314 2104 ,caritatem

259 2143 325 2186 non
355 2122 567 2198 offenderent,
590 2123 693 2188 donec
722 2125 766 2188 ad
794 2125 897 2188 verba
926 2124 1062 2189 moralia
1084 2129 1224 2190 ventum
1254 2131 1312 2202 est,

259 2224 424 2288 mordacia
444 2224 532 2299 satis,
556 2231 591 2288 et
611 2226 692 2290 eatis
714 2231 869 2311 peracuta
880 2249 888 2304 ;
919 2248 993 2312 quae
1015 2232 1126 2291 tamen
1148 2227 1313 2312 patienter

258 2325 378 2390 suffero
400 2327 524 2412 triplici
552 2327 593 2391 de
610 2349 713 2392 causa
771 2327 881 2391 Primo
903 2334 1038 2414 propter
1067 2349 1180 2414 pacem
1206 2328 1315 2393 obser·

259 2428 409 2504 vendam,
435 2449 534 2512 quam
556 2434 756 2514 protestatus
786 2451 859 2493 eum
882 2430 925 2493 ab
955 2430 1059 2506 initio,
1088 2435 1123 2494 et
1144 2451 1247 2515 usque
1276 2429 1313 2492 in

258 2528 366 2604 finem,
398 2535 563 2594 annuente
587 2529 667 2605 Deo,
699 2530 888 2595 continuare
915 2531 1072 2616 dispono:
1100 2531 1241 2595 secundo
1270 2551 1312 2594 ne

257 2631 450 2694 conturbem
474 2630 558 2695 hanc
584 2632 804 2695 venerabilem
834 2631 1031 2706 comitivam,
1064 2652 1138 2714 quae
1159 2652 1212 2694 me
1242 2635 1313 2693 tam

256 2731 485 2816 frequentibus
514 2732 681 2796 laboribus
713 2732 853 2796 honorat
890 2732 1031 2816 gratiose
1069 2730 1311 2815 supportando:

257 2837 293 2897 et
317 2833 415 2896 tertio
440 2855 482 2898 ne
508 2833 567 2898 fiat
592 2833 714 2898 occasio
745 2832 959 2897 subtrahendi
969 2831 1312 2920 ‚communicationem

259 2934 346 2998 inter
372 2935 586 2999 reverendum
607 2935 782 2999 Ductorem
805 2939 840 2998 et
862 2955 922 3010 me,
952 2955 1027 3018 quae
1051 2932 1218 2997 nonnullis
1239 2954 1314 3017 pro-

257 3034 354 3100 ficere
392 3036 516 3121 poterit
552 3036 704 3122 diligenti
741 3036 905 3100 exercitio,
956 3034 1163 3120 Quapropter
1200 3033 1313 3098 volens

259 3157 333 3201 cum
356 3137 445 3200 omni
467 3137 627 3201 modestia
650 3137 831 3222 procedere,
856 3137 1001 3201 breviter
1022 3135 1165 3199 recitabo
1186 3135 1313 3199 conclu·

260 3238 366 3303 aiones
404 3244 438 3302 et
475 3239 654 3303 sententiaa
691 3261 773 3322 quas
812 3237 971 3323 Magister
1007 3259 1101 3302 meus
1138 3236 1313 3321 praedictus

258 3344 351 3404 tenet
372 3339 408 3403 in
430 3340 497 3404 suis
519 3339 798 3425 responsionibus;
821 3344 934 3403 contra
957 3361 1039 3423 quae
1060 3338 1224 3424 replicabo
1246 3359 1314 3403 non

259 3440 436 3505 verborum
461 3440 589 3524 jaculis,
617 3441 674 3504 sed
704 3440 916 3524 argumentis.
973 3440 1091 3504 Postea
1112 3439 1313 3525 respondebo

259 3542 302 3605 ad
324 3564 364 3606 ea
386 3547 561 3626 quaesunt
583 3541 784 3627 disputative
809 3541 944 3605 reducta
966 3546 1081 3605 contra
1102 3563 1162 3604 me.

304 3643 331 3706 Ι.
356 3643 525 3722 Quantum
556 3644 599 3706 ad
625 3644 768 3728 primum
798 3648 890 3706 tenet
920 3642 1078 3727 Magister
1110 3642 1145 3703 in
1183 3662 1313 3725 respon·
1325 3658 1446 3712 Thema

259 3744 358 3824 sione,
399 3745 488 3828 quod
525 3745 645 3829 scripta
683 3744 888 3828 quorumdam
926 3747 1112 3807 sanctorum
1149 3740 1314 3806 habentur
1323 3733 1479 3858 ffffinffs

259 3846 346 3930 apud
369 3845 536 3909 ecclesiam
566 3851 722 3931 suspecta,
754 3851 888 3931 propter
909 3849 1065 3909 aeternam
1089 3864 1201 3908 eorum
1228 3844 1402 3922 anti-reply.

259 3948 427 4030 quitatem.
476 3945 603 4013 Contra
624 3969 724 4031 quam
747 3947 943 4032 positionem
966 3968 1069 4031 arguo
1092 3946 1266 4031 tripliciter

306 4053 333 4111 1.
358 4049 468 4111 Primo
484 4049 537 4113 sic.
584 4049 724 4112 Nullum
750 4049 908 4133 scriptum
934 4047 1072 4131 alicujus
1098 4047 1239 4111 auctoris
1262 4052 1432 4126 eetAgaimt

258 4150 436 4213 aecimdum
451 4171 636 4213 mensuram
652 4150 750 4234 prius,
775 4149 828 4213 vel
848 4149 1017 4232 antiquius
1031 4149 1144 4213 eodem
1159 4153 1290 4211 auctore
1303 4171 1311 4225 ;
1322 4126 1480 4258 &⁰3¹²ssoe

254 4251 315 4314 aed
335 4257 404 4314 tam
426 4250 547 4328 Enoch,
570 4272 669 4334 quam
693 4251 777 4314 alius
799 4251 1000 4334 quiscunque
1022 4255 1160 4325 sanctus,
1185 4254 1311 4313 creatus
1322 4269 1475 4323 agmone.

259 4357 308 4415 aa
346 4352 452 4415 solum
483 4352 672 4437 temporalis
705 4357 739 4415 et
772 4373 839 4415 non
865 4358 1007 4416 aeternus
1037 4374 1058 4416 a
1087 4356 1180 4437 parte
1211 4354 1310 4427 ante;

259 4473 336 4537 ergo
358 4453 481 4517 nullius
503 4475 616 4517 eorum
646 4454 803 4538 scriptum
834 4453 1032 4517 aeternaliter
1055 4458 1104 4516 est
1126 4453 1308 4536 antiquum,

257 4557 293 4616 et
314 4576 373 4639 per
396 4576 593 4639 consequens
615 4553 802 4637 hujusmodi
825 4555 947 4639 scripta
969 4576 1036 4619 non
1060 4560 1194 4640 propter
1216 4557 1312 4618 aeter·

258 4676 335 4720 nam
358 4677 472 4720 eorum
493 4655 727 4740 antiquitatem
751 4654 914 4721 habentur
939 4656 1080 4722 ecclesiae
1105 4659 1275 4745 suspecta
