3008 5490
546 709 725 759 rascromr
747 710 972 760 zizaniorum
1223 699 1288 763 203

225 893 332 961 illam¹
357 894 571 980 importatum
593 917 651 981 per
672 897 779 982 ipsum
802 898 980 962 terminum
1002 897 1209 978 absolutum-3
1231 901 1289 963 sed

224 996 340 1083 potius
363 996 525 1060 denotant
547 997 692 1061 medium
707 999 761 1061 vel
776 997 928 1062 modum⁹
950 1021 1015 1082 quo
1038 1004 1202 1083 competat
1224 1001 1289 1086 sig-

224 1094 378 1163 nificato³
394 1097 484 1162 illius
511 1098 643 1161 termini
669 1098 813 1162 absoluti
836 1099 946 1183 aliqua
967 1100 1189 1164 denominatio
1213 1121 1287 1164 con-

221 1194 387 1284 sequens⁴
408 1199 681 1283 significationem
700 1199 891 1277 verbiillius,
911 1223 932 1263 a
951 1222 1016 1284 quo
1037 1201 1144 1286 ipsum
1167 1223 1287 1267 nomen

224 1298 364 1364 verbale
401 1299 575 1364 descendit.
635 1299 686 1364 Ut
716 1322 791 1365 curn
829 1301 950 1365 dicitur
986 1307 1095 1366 motus
1125 1308 1176 1366 est
1206 1304 1286 1368 cale-

224 1398 332 1464 factio
369 1401 518 1485 corporis,
558 1402 611 1464 vel
655 1422 679 1466 o
717 1407 767 1466 est
805 1402 967 1466 dealbatio
1005 1402 1139 1486 parietis
1151 1427 1159 1481 ;
1204 1403 1287 1467 illud

225 1522 355 1566 nomen
379 1501 509 1567 verbale
535 1502 710 1579 calefactio,
739 1500 815 1567 vel⁶
837 1503 1009 1579 dealbatio,
1032 1525 1097 1565 non
1124 1504 1287 1588 significat

226 1601 457 1688 principaliter
507 1603 591 1667 illud
647 1625 763 1688 corpus
820 1603 971 1679 calidum,
1019 1603 1072 1666 vel
1129 1605 1286 1688 parietem
1406 1627 1408 1631 ’

230 1701 373 1779 alham,;
415 1702 472 1768 sed
522 1704 659 1768 denotat
704 1705 849 1769 medium
896 1702 983 1788 quo⁶
1024 1704 1182 1789 competit
1226 1706 1286 1768 tali

229 1803 361 1889 corpori
403 1804 456 1868 vel
498 1806 638 1889 parieti:
701 1805 756 1870 et⁷
806 1805 1027 1870 denominatio
1058 1805 1287 1889 consequens⁸

226 1902 525 1990 significationem¹
561 1905 659 1990 hujus
698 1906 790 1971 verbi
828 1907 999 1970 calefacere
1037 1907 1091 1969 vel
1128 1906 1251 1970 dealba·
1260 1930 1285 1983 e,

227 2005 354 2069 scilicet
382 2027 451 2071 case
481 2006 593 2071 album
615 2005 707 2071 vel¹⁰
738 2007 886 2071 calidum.
934 2007 1003 2071 Nec
1042 2029 1114 2071 cum
1154 2006 1282 2083 dicitur,

229 2105 429 2192 poerritentia
466 2114 517 2172 est
554 2106 797 2173 reconciliatio¹¹
837 2110 955 2173 animae
1002 2109 1045 2172 ad
1082 2108 1198 2186 Deum,
1223 2110 1284 2185 vel,

229 2207 316 2272 visio
349 2206 413 2271 Dei
444 2212 494 2272 est
524 2207 724 2274 beatificatio
762 2210 889 2286 animae,
921 2209 978 2274 illa
1006 2210 1140 2275 nomina
1177 2232 1286 2274 recon-

227 2308 362 2384 ciliatio,
377 2309 586 2386 beatificatio,
603 2333 670 2375 non
684 2310 869 2396 significant
892 2311 1112 2396 principaliter
1131 2312 1283 2383 annnam,

228 2408 288 2475 scd
316 2410 472 2488 medium,
504 2411 557 2475 vel
587 2412 729 2487 modum,
761 2434 826 2496 quo
857 2412 966 2475 anima
995 2412 1202 2476 beatificatur
1233 2414 1285 2476 vel

227 2511 459 2576 reconciliatur
496 2512 573 2576 Dec.
636 2512 690 2576 Sic
721 2519 756 2576 et
785 2513 819 2575 in
850 2514 1015 2598 proposito
1046 2534 1087 2575 ex
1118 2512 1284 2596 praemisso

227 2616 330 2677 textu
352 2612 513 2699 Apostoli,
538 2613 652 2679 Pania
673 2635 775 2700 quem
789 2612 999 2697 froayiraua
1032 2633 1147 2676 aoniae
1170 2611 1285 2694 porti-

227 2711 362 2798 cipata'o
400 2713 551 2799 corporae
586 2714 750 2779 (larisam
778 2717 851 2779 eat?
888 2737 955 2778 non
992 2718 1101 2798 potest
1138 2712 1286 2778 convinci

228 2815 321 2901 quod
349 2815 406 2880 ille
437 2817 597 2880 terminus
627 2817 835 2902 participatio
866 2817 1030 2902 significat
1060 2813 1284 2900 principaliter

227 2937 348 3002 corpus
364 2916 496 2993 Christi,
520 2919 573 2982 vel
596 2918 651 2981 ille
678 2919 839 2981 terminus
865 2918 976 3002 panis:
1003 2917 1060 2981 sed
1084 2914 1287 2980 denotatur¹³

229 3019 320 3104 quod
350 3019 445 3104 panis
476 3042 574 3105 quem
604 3019 787 3105 frangimus
817 3025 868 3084 eat
897 3019 1041 3084 medium
1074 3039 1139 3102 quo
1171 3038 1285 3100 corpus

229 3118 359 3186 Christi
387 3121 604 3206 participatur
628 3144 649 3184 a
678 3122 781 3199 nobie,
808 3122 862 3185 vel
894 3143 953 3184 nos
983 3120 1215 3204 participamus
1246 3119 1285 3182 de

229 3243 363 3308 corpore
395 3222 539 3287 Christi:
583 3223 661 3307 quia
691 3224 876 3308 recipiendo
906 3226 1144 3285 sacramentum
1174 3221 1286 3284 altaris

229 3324 321 3409 quod
347 3323 511 3409 frangitur
533 3348 553 3388 a
575 3325 677 3399 nobis,
703 3330 737 3388 et
760 3331 810 3388 est
835 3325 929 3409 panis
954 3324 1072 3388 animae
1097 3322 1283 3407 spiritualis,

229 3425 406 3511 recipimus
432 3449 549 3490 verum
572 3448 687 3511 corpus
714 3426 845 3501 Christi,
875 3427 962 3510 quod
993 3426 1058 3489 fuit
1081 3429 1283 3509 assumptum

210 3527 272 3607 ⁴de
298 3527 442 3612 Virgine.
490 3528 541 3590 Ex
570 3528 689 3612 quibus
720 3529 803 3591 clare
834 3533 943 3614 potest
972 3533 1092 3613 patere,
1125 3526 1213 3611 quod
1243 3548 1284 3589 err

1000 3788 1284 3799 *ἣ-

266 3979 272 4007 ¹
282 3975 489 4042 principaliter·
501 3975 578 4041 illam]
600 3991 653 4026 rem
665 3978 733 4040 prin·
753 3981 755 3984 ’
817 3978 825 4004 ¹
837 3977 872 4041 et]
887 3993 935 4025 om.
949 3977 981 4033 D,
995 3975 1024 4023 E.

231 4055 348 4118 cipaliter
368 4055 401 4103 D.
753 4034 754 4067 ¹
816 4054 992 4116 ”consecrem
1007 4068 1121 4116 sequens,
1136 4052 1168 4109 Ι),
1180 4053 1210 4100 E.

267 4136 276 4163 ²
289 4131 327 4181 cel
337 4093 442 4196 riodum]
457 4149 505 4182 om.
519 4134 551 4190 Ι),
564 4134 594 4184 Ε,
753 4090 756 4181 i
815 4132 1050 4196 ⁹aiqnificalionem]
1062 4131 1242 4193 signacionem,
1253 4130 1283 4178 D.

264 4213 334 4258 ’com
366 4219 401 4258 rar
428 4214 451 4258 si
466 4215 492 4259 ur'
542 4220 565 4259 lo
715 4212 722 4258 i
754 4224 756 4235 '
818 4213 835 4240 ¹⁰
848 4210 883 4258 rel
911 4211 1023 4268 velasse,
1037 4210 1068 4259 l).

229 4228 394 4352 significapceio,
424 4230 467 4348 D93
486 4212 757 4354 ficchlmpietaioniiligeiiii
817 4291 833 4319 ¹¹
846 4211 1020 4352 recinciliatio]
1052 4287 1224 4336 reconciliacio
1246 4286 1285 4334 vel

230 4369 327 4427 ficaria,
341 4368 369 4416 E.
783 4368 945 4426 beatificatam,
959 4368 992 4415 A.

265 4449 441 4512 ¹coruequeru]
456 4464 571 4512 sequens,
584 4450 617 4507 D,
630 4449 660 4497 E.
817 4449 835 4476 ¹²
850 4447 956 4510 Christi]
971 4461 1020 4493 om.
1034 4445 1064 4493 D.

264 4524 334 4589 8τά]
349 4540 408 4583 non,
421 4527 451 4574 E.
817 4526 835 4555 ¹³
846 4524 984 4588 denotatur]
998 4525 1107 4582 denotat,
1120 4523 1152 4570 D.

262 4603 344 4668 ⁶qrw]
359 4605 433 4667 quod,
447 4605 480 4655 D.
