3008 5490
215 699 279 765 134
518 707 697 757 rsscrcnm
720 704 948 755 marmorum

212 890 372 977 quomodo
402 887 595 952 defendatur
623 887 780 950 laborant.
838 882 916 948 Illos
943 903 1073 969 quoquo
1102 881 1263 969 reprobat,

212 992 270 1077 qui
293 991 391 1053 fidem
416 988 564 1062 ecelesiae,
590 987 644 1050 vel
667 1007 746 1051 sono
776 985 830 1050 vel
856 1005 960 1060 sensu,
985 989 1115 1049 mutare
1135 988 1266 1048 conten·

213 1092 303 1164 dunt,
335 1095 394 1152 aut
431 1089 640 1172 antiquorum
670 1091 801 1171 patrum
839 1085 1019 1149 sententias
1056 1085 1092 1149 in
1130 1084 1267 1150 materia

212 1191 297 1266 fidei,
321 1211 394 1254 oum
409 1210 476 1253 non
491 1185 630 1273 possint¹
647 1185 829 1273 corrigere,⁹
842 1186 1041 1251 molliuntur.

55 1311 185 1363 Hermon
258 1290 430 1354 Sententia
455 1289 575 1374 quippe
601 1288 678 1352 fidei
704 1309 803 1372 quam
826 1288 1024 1352 confitentur
1053 1286 1115 1350 filii
1145 1290 1266 1352 sancfae

52 1381 98 1455 ¹¹4⁸
108 1393 185 1440 many
213 1393 327 1455 matris
351 1391 490 1455 eeclesiae
516 1390 672 1474 plurimos
694 1389 794 1452 habet
818 1393 925 1463 testes,
942 1388 1043 1452 immo
1059 1389 1121 1452 hoc
1143 1388 1267 1454 bonum

52 1453 184 1494 mm
214 1515 322 1558 secum
336 1492 437 1556 habet
451 1492 540 1576 quod
561 1490 688 1555 nullum
703 1488 813 1554 renuit
826 1511 953 1574 papam,
973 1489 1170 1574 episcopum,
1194 1489 1269 1554 doo-

52 1569 178 1684 ffiffffe'
214 1601 326 1668 torem,
343 1616 364 1657 a
379 1593 510 1658 Christo
533 1591 690 1657 inclusive
711 1612 814 1676 usque
836 1591 880 1654 ad
893 1591 1086 1656 modernum
1108 1590 1270 1668 electum

53 1701 187 1778 audemus
215 1696 287 1760 illos
313 1695 487 1759 dumtaxat
511 1716 532 1757 a
555 1693 742 1757 testimonio
768 1691 916 1776 rejiciens
940 1713 1021 1776 quos
1036 1691 1172 1757 ecclesia
1184 1691 1270 1777 pub-

53 1765 181 1895 ffi‘
214 1798 274 1861 nce
311 1794 504 1880 reprobavit,
537 1800 577 1857 ur
614 1790 866 1857 saevarum
895 1793 1034 1858 mnam
1060 1792 1184 1859 mcum
1209 1791 1270 1876 qui

214 1898 390 1962 secundum
412 1894 577 1959 chronicas
600 1898 698 1979 caput
720 1893 786 1957 fuit
808 1893 907 1979 hujus
929 1894 1073 1958 vesaniae
1103 1895 1177 1979 jam
1196 1913 1272 1980 mg·

214 1998 344 2073 nantis3
383 1995 614 2080 Berengarium
645 2000 679 2058 et
716 2016 791 2059 suos
819 1994 989 2081 complices
1025 2017 1085 2081 pro
1122 2000 1273 2080 tempore

214 2096 400 2181 pertinaciae
431 2117 518 2170 suae;
549 2100 583 2158 et
605 2094 698 2158 illum
729 2095 868 2159 delirum
889 2117 1000 2160 senem
1023 2102 1057 2160 et
1077 2096 1273 2161 haeoeticum

216 2197 349 2259 Petrum
373 2195 529 2258 Abelardi
541 2218 549 2271 ;
579 2216 617 2257 ac
639 2196 783 2280 ipsorum
804 2202 978 2262 sectatores
1000 2198 1180 2262 modernos

55 2336 170 2399 mm
260 2296 426 2360 Haeretica
456 2317 534 2359 vero
561 2296 725 2359 sententia
757 2318 831 2381 quae
853 2297 905 2361 his
939 2319 960 2362 a
981 2298 1118 2371 somniis
1147 2297 1272 2361 Beren-

54 2401 194 2463 rejaeathe
215 2398 298 2483 gani
325 2397 495 2470 excitatur,
512 2396 686 2461 catholicos
708 2397 814 2462 nullos
837 2398 937 2462 habet
958 2403 1067 2473 testes,
1083 2399 1185 2462 immo
1205 2397 1275 2463 sibi

54 2465 204 2582 afim
216 2496 296 2584 ipsi⁴
310 2504 458 2582 suspecta
473 2499 516 2561 ad
530 2498 582 2561 sui
596 2497 699 2582 ipsius
715 2497 934 2562 defensionem
952 2499 1141 2573 invalidam,
1156 2519 1274 2564 omnes

56 2598 195 2662 millenary.
216 2601 362 2664 doctores
385 2605 419 2662 et
434 2598 575 2663 ecclesiae
590 2604 698 2683 patres
713 2599 846 2663 secundi
866 2600 1040 2663 millenarii
1056 2600 1155 2683 (nunc
1170 2600 1272 2666 modo

215 2701 370 2786 loquendi
392 2722 503 2764 eorum
527 2698 698 2785 exemplis⁶
711 2700 867 2787 utamur),
884 2701 930 2764 ie.
947 2701 1005 2784 qui
1026 2701 1161 2765 fuerunt
1183 2700 1275 2766 infra

214 2808 376 2867 trecentos
403 2807 436 2865 et
464 2802 632 2886 octoginta
655 2822 765 2875 annos,
783 2806 894 2886 aperte
916 2801 1058 2866 affirmat
1072 2802 1172 2866 fuisse
1194 2809 1273 2886 post

216 2903 408 2967 solutionem
433 2902 596 2976 Sathanae,
614 2900 781 2987 proferens
795 2923 837 2981 ex
851 2903 1040 2967 testimonio
1055 2902 1273 2987 Apocalypsis

216 3006 358 3068 solutum
381 3004 478 3066 fuisse
503 3003 683 3067 Sathanam
699 3008 773 3086 post
799 3025 900 3067 annos
916 3004 1050 3067 Domini
1077 3005 1173 3078 mille,
1197 3005 1274 3069 doo-

216 3107 400 3188 trinamque
413 3127 510 3187 quam
523 3104 740 3168 communiter
755 3110 903 3168 tenemus
918 3127 986 3168 esse
997 3107 1095 3169 fidem
1111 3103 1274 3169 ecclesiae⁰

218 3207 257 3268 de
288 3206 457 3267 benedicta
480 3204 676 3267 eucharistia
707 3206 826 3268 astruit
856 3228 923 3269 non
952 3228 1020 3270 esse
1049 3212 1181 3279 rectam,
1213 3206 1274 3270 sed

218 3327 363 3375 errorem,
394 3305 492 3365 immo
516 3304 665 3368 haeresim
689 3327 726 3368 ac
752 3306 885 3381 lollium,
903 3312 937 3371 et
960 3307 1086 3370 zizania
1112 3306 1272 3372 sathanae

213 3406 282 3488 jam
314 3405 418 3466 soluti.
467 3405 623 3468 Doctores
654 3427 782 3490 quoque
813 3414 846 3471 et
873 3409 1012 3473 ecclesiae
1036 3414 1146 3492 patres
1172 3408 1272 3493 primi

144 3557 149 3567 .
217 3505 389 3567 millenarii
417 3505 545 3589 glossat,
563 3512 596 3569 et
621 3508 737 3570 asserit
762 3510 849 3591 quod
876 3516 954 3572 sunt
980 3510 1122 3594 negandi
1148 3509 1177 3572 si
1203 3530 1272 3573 non

218 3606 403 3690 intelligant
439 3606 523 3668 siout
561 3607 701 3690 glossat?
763 3609 882 3673 Nonne
920 3617 1068 3695 suspecta
1105 3610 1270 3674 sententia

218 3708 334 3769 merito
360 3708 527 3789 judicatur
551 3729 624 3791 qnae
655 3731 713 3794 pro
744 3711 883 3774 testibus
914 3713 1023 3775 renuit
1049 3709 1117 3774 tot⁸
1139 3717 1269 3775 sanctos

219 3811 348 3891 patresl
393 3808 511 3871 Nonne
527 3816 640 3872 arrctor
663 3811 763 3894 ipsius
778 3819 812 3875 et
827 3813 936 3876 fautor
951 3835 984 3876 se
999 3813 1097 3875 nimis
1113 3816 1267 3887 ostentat,

253 4188 377 4251 ¹posrint]
392 4204 412 4250 p
424 4196 500 4241 ssnnt,
512 4189 541 4237 B.
765 4189 808 4252 ing
826 4189 908 4237 which
929 4190 973 4237 has
993 4196 1062 4251 crept
1080 4188 1133 4238 into
1153 4190 1195 4239 the
1213 4197 1268 4238 text

252 4267 401 4329 2ουννιφνην]
417 4267 540 4329 colligare,
554 4267 586 4313 Λ.
765 4268 829 4314 from
841 4269 882 4315 the
894 4268 999 4331 margin.

251 4343 457 4406 ’l'rrdwnraelunj
483 4344 651 4400 Frewardum
677 4343 718 4400 Λ;
797 4346 807 4371 ⁶
831 4344 947 4410 ccclesias]
987 4353 1071 4394 sancte
1104 4347 1190 4396 matris
1225 4362 1267 4396 ec·

219 4422 417 4476 marcwardum.
431 4426 459 4469 0.
765 4422 845 4470 clesie.
859 4424 888 4470 B.

253 4500 319 4544 ‘siti
332 4500 391 4561 ipsi]
407 4500 426 4545 si
438 4500 499 4559 ipsa,
513 4499 545 4544 A.
799 4498 922 4564 ’ploosalJ
936 4503 1042 4564 glosant,
1055 4503 1088 4551 Α.

252 4575 396 4637 ἰπεηψὶιζς]
410 4591 514 4623 scemari
527 4573 627 4623 various
647 4577 718 4624 read·
799 4579 808 4606 ³
819 4581 898 4626 renuit
911 4581 956 4643 tot]
971 4590 1006 4629 tot
1018 4582 1105 4639 renuit,
1117 4582 1148 4632 B.
