3158 5490
261 632 327 697 492
662 638 840 690 mansum
863 636 908 690 os
1028 638 1033 643 ·

259 830 458 895 confitentes
506 827 552 891 Et
589 847 705 892 revera
736 825 904 891 infinitum
935 824 1050 910 majus
1083 825 1177 889 foret
1207 822 1318 887 habere

259 935 454 1015 potestatem
469 927 577 1014 qualis
599 928 696 994 hodie
715 927 840 993 vieario
861 925 989 992 Christi
1011 925 1208 999 ascribitur,
1224 946 1315 1009 quam

259 1032 343 1095 soret
373 1029 536 1114 apostolos
567 1051 636 1095 esse
659 1030 746 1095 deos.
789 1028 881 1093 Talia
911 1026 1120 1113 exemplaria
1151 1023 1316 1112 δώματι

259 1132 354 1196 nobis
385 1130 563 1215 reliquerat
591 1137 630 1196 ut
665 1131 806 1217 quilibet
842 1128 1042 1193 christianus
1074 1134 1197 1193 eaveat
1229 1126 1314 1191 cultu

260 1233 406 1319 sapiente
421 1232 560 1297 vioarios
574 1231 723 1297 adorari¹
771 1232 818 1296 Et
830 1229 921 1295 hinc’
934 1229 1043 1295 sancti
1059 1229 1209 1315 apostoli
1223 1227 1314 1293 eonfi-

261 1340 373 1399 tentur
396 1357 430 1399 se
453 1356 522 1399 esse
544 1335 649 1399 nudos
675 1334 841 1399 ministros
864 1330 999 1407 Christi,
1024 1352 1097 1397 non
1120 1330 1312 1396 sufficientes

261 1458 282 1499 a
312 1458 346 1501 se
376 1436 472 1522 quasi
502 1457 545 1501 ex
571 1458 605 1502 se
636 1433 780 1521 aliquid⁸
800 1430 965 1520 eogitare,⁴
988 1454 1067 1498 oum
1092 1438 1210 1498 tamen
1232 1430 1313 1517 eogi-

261 1536 347 1603 tare⁵
374 1538 419 1603 sit
442 1537 584 1602 maxime
607 1538 644 1602 in
664 1536 833 1602 hominum
854 1539 1029 1622 potestate.
1078 1533 1183 1600 Unde
1205 1533 1313 1620 regula

261 1637 330 1704 est⁰
352 1639 547 1704 sanctissimi
568 1658 662 1726 papae
685 1637 784 1715 Petri,
811 1641 825 1701 l
853 1637 922 1702 Pet
939 1653 985 1700 lv.
1007 1639 1059 1712 11,
1076 1636 1169 1722 quod
1191 1635 1223 1701 si
1245 1634 1314 1721 quis

262 1741 458 1806 christianus
491 1739 665 1816 ministrat,
704 1740 765 1804 hoo
802 1738 901 1804 debet
933 1738 1039 1803 faeere
1078 1742 1245 1824 tamquam
1274 1758 1313 1801 ex

261 1842 388 1908 virtute
411 1865 510 1928 quarn
532 1842 742 1907 administrat
764 1842 863 1915 Deus,
887 1839 984 1904 utin
1005 1840 1166 1905 omnihus
1187 1839 1315 1905 honori-

261 1943 377 2007 ficetur
409 1944 509 2018 Deus,
534 1945 592 2029 qui
621 1943 768 2009 oonosdit
789 1943 860 2028 ejm
888 1941 1020 2006 vioariis
1051 1941 1170 2007 lumen
1196 1941 1317 2007 intelli·

261 2045 383 2128 gentius
408 2044 596 2131 Scripturae,
630 2050 669 2110 ut
700 2044 764 2131 ipsi
794 2050 951 2129 tanquam
974 2042 1117 2108 humiles
1152 2044 1217 2108 filii
1247 2043 1317 2108 nati

261 2167 319 2230 pro
350 2145 517 2231 patribus⁷
546 2154 727 2232 sequantur
755 2168 809 2212 eos
839 2146 876 2211 in
906 2144 1080 2223 moribus,⁸
1101 2144 1246 2211 zelando
1275 2144 1317 2209 nd

261 2246 510 2313 aedificationem
544 2248 685 2314 eoolesiae
721 2270 781 2334 pro
819 2247 1027 2312 observantia
1065 2245 1152 2333 legis
1186 2245 1317 2312 Christi

261 2348 317 2414 Ad
354 2349 442 2434 quod
494 2353 625 2436 oportet
661 2354 701 2413 ut
737 2349 912 2414 seeundum
947 2347 1096 2434 regulam
1135 2347 1318 2434 Scriptura

261 2472 360 2515 saorae
382 2456 599 2537 postponatur
613 2456 815 2516 terrenorum
835 2449 973 2526 offeotio,
989 2454 1025 2514 et
1039 2449 1180 2513 vivatur
1200 2449 1317 2528 sobrie,

256 2551 346 2637 juste
370 2557 405 2617 et
429 2553 481 2638 pie
506 2553 541 2617 in
565 2552 753 2638 evangeliea
775 2556 975 2638 paupertate.
1021 2551 1139 2617 Amen.

263 2752 480 2763 ...η-κ*
916 2751 1075 2760 -ο--ρ
1089 2753 1189 2759 --—.-.

296 2884 542 2954 wala-adoran]
569 2886 656 2939 omo.
690 2885 760 2936 InV
813 2901 856 2938 eos
878 2884 905 2936 iu
928 2884 1040 2937 morabor
1061 2885 1143 2945 honis,
1166 2884 1196 2935 (ἱ
1243 2883 1268 2934 n
1295 2883 1317 2933 is

262 2967 367 3015 sicarios
378 2965 399 3016 is
411 2966 437 3016 ill
448 2967 555 3027 written,
571 2968 620 3016 aud
635 2966 678 3016 the
689 2967 759 3017 rosd-
814 2975 915 3031 strange
925 2966 981 3016 that
991 2965 1013 3016 C
1023 2965 1115 3016 should
1132 2965 1192 3015 md
1203 2964 1317 3028 putribus

261 3044 305 3106 ing
313 3053 359 3095 not
368 3046 469 3096 certain.
810 3046 864 3109 just
881 3044 974 3102 before.
992 3042 1076 3094 which
1094 3044 1191 3108 clearly
1212 3043 1317 3106 belongs

294 3123 384 3187 ΗΜ]
403 3123 637 3188 hinoostquod,C.
813 3130 840 3174 to
861 3121 903 3173 the
924 3119 1029 3186 reading
1050 3120 1077 3169 iu
1098 3120 1144 3171 the
1161 3128 1225 3179 text,
1242 3119 1317 3169 while

295 3201 473 3267 'ct-aliquid]
499 3203 626 3267 aliquida
648 3217 682 3263 so,
704 3210 759 3253 tan-
813 3201 938 3262 fratribus,
956 3200 999 3250 the
1009 3199 1114 3265 reading
1124 3199 1157 3250 of
1168 3199 1203 3259 V,
1212 3199 1317 3262 belongs

261 3281 486 3410 lumb.
813 3277 1317 3423 lestussum

293 3439 431 3503 ⁸sopitum]
451 3440 581 3504 cogitatus,
593 3438 626 3490 V.
813 3435 924 3502 reading.
958 3436 1054 3486 Ihrve
1072 3435 1203 3498 respeottd
1219 3434 1317 3484 thesu-

295 3515 397 3582 ‘reytda
409 3518 457 3583 est]
477 3517 729 3583 remestreguhffi.
813 3517 908 3581 thority
930 3515 960 3565 of
981 3515 1024 3564 the
1047 3515 1129 3564 better
1152 3513 1220 3575 MS„
1236 3511 1317 3562 hutl

294 3595 302 3622 ⁷
311 3596 438 3661 putribus]
458 3596 585 3658 fratribus,
597 3596 631 3648 V.
813 3596 890 3645 doubt
901 3593 1013 3644 whether
1023 3593 1044 3644 it
1054 3591 1076 3643 is
1087 3593 1165 3658 right.

292 3674 592 3740 'remoror-moritus]
654 3675 762 3726 Servent
845 3672 941 3738 Ἰαστί]
961 3673 1028 3737 quod
1038 3671 1192 3733 sciendum,
1204 3670 1234 3722 C.
