3008 5490
536 702 715 757 reccrcou
745 702 968 759 tumorum
1216 690 1281 757 399

275 895 304 958 8.
329 892 417 959 Item
446 892 534 979 quod
563 893 642 958 boni
666 891 833 958 christiani
864 893 984 958 debent
1014 892 1169 979 projicere
1195 892 1281 980 leges

226 996 368 1085 papales,
408 994 552 1073 dicendo,
597 995 858 1082 Dircmpcmrro
901 994 1044 1061 cicccclo
1081 1016 1206 1075 ccccm,
1251 1003 1282 1062 ct

224 1098 458 1187 projiciamur
483 1121 507 1164 a
529 1097 627 1163 cotie
645 1097 775 1183 jocum
803 1097 982 1185 ipsoram}

273 1203 303 1269 9.
327 1200 415 1269 Item
437 1223 567 1288 exque
596 1201 725 1288 praelcti
758 1201 954 1269 comburunt
987 1224 1089 1269 unum
1120 1201 1282 1289 optimum

225 1302 350 1371 librum
375 1309 507 1392 propter
531 1326 634 1369 unum
661 1325 810 1380 errorem,
846 1304 966 1370 debent
998 1305 1134 1369 cremari
1169 1325 1280 1369 omnes

226 1405 332 1475 libros
364 1405 449 1493 jurio
488 1407 643 1486 canonici,
677 1412 810 1496 propter
840 1406 962 1473 multae
995 1406 1132 1473 haereres
1163 1406 1199 1472 in
1233 1407 1279 1471 eie

227 1496 409 1581 contentae

721 1751 782 1818 XI.

272 1901 325 1967 De
350 1901 535 1968 conditione
557 1922 595 1966 ac
617 1904 709 1966 statu
728 1921 822 1988 pepae
848 1904 881 1965 et
905 1900 982 1966 cleri
1003 1900 1090 1976 dicit,
1291 1912 1422 1967 Astarte

274 2007 302 2070 l.
327 2003 422 2085 Quod
463 2003 622 2091 superbus
656 2003 828 2092 presbyter
865 2002 979 2070 Romae
1017 2007 1067 2069 est
1107 1982 1445 2115 ωηηὶἰοεῐθξξξῇᾱζξμ

224 2104 461 2173 Antichristus.
1291 2116 1445 2183 andolergy.

273 2211 302 2274 2.
327 2207 413 2275 Item
439 2209 526 2295 quod
549 2210 715 2295 episcopus
739 2209 852 2274 Romae
873 2214 907 2274 et
928 2230 1038 2274 omnes
1061 2210 1200 2296 promoti
1222 2232 1280 2296 por

223 2331 303 2378 cum
341 2316 419 2377 eunt
448 2311 624 2388 simoniaci,
658 2312 736 2400 quio
776 2311 858 2377 dent
896 2316 930 2378 et
959 2312 1121 2399 recipiunt
1158 2312 1277 2402 primos

223 2413 360 2481 fimetue

272 2520 302 2584 3.
328 2515 416 2582 Item
446 2518 536 2603 quod
565 2517 658 2582 curie
688 2516 838 2582 Romane
867 2539 924 2582 seu
960 2518 1110 2582 Romano
1146 2519 1280 2583 ecclesie

224 2624 278 2686 est
297 2620 453 2685 meretrix
480 2619 538 2685 illa
559 2641 687 2706 magno,
713 2620 832 2685 scilicet
864 2619 1024 2706 Babylon,
1048 2620 1161 2685 sedens
1184 2642 1280 2708 super

225 2745 330 2810 equos
360 2729 395 2789 et
414 2723 595 2810 preedicans
617 2728 786 2810 peccatum
817 2745 921 2797 suum,
960 2723 1045 2787 sicut
1079 2722 1222 2787 Sodoma
1245 2729 1278 2788 et

226 2825 417 2903 Gomorrha,
456 2848 531 2912 queo
567 2833 617 2892 eet
656 2827 841 2912 exemplum
871 2826 1026 2902 simoniae,
1065 2825 1205 2901 haereeie
1246 2831 1279 2890 et

224 2927 445 3016 blasphemiae,
478 2930 614 2995 mittens
653 2929 823 2994 mendacia
860 2929 920 2993 sub
967 2928 1127 3014 plumbeis
1172 2927 1277 2993 bullis.

227 3031 273 3099 Et
302 3031 373 3097 haec
411 3033 567 3099 meretrix
597 3032 737 3098 destruit
767 3032 943 3099 christiana
972 3053 1072 3120 regno
1098 3053 1155 3119 per
1185 3053 1277 3095 suom

225 3135 448 3223 tyrannidem.

225 3351 434 3438 Empticiuct
457 3350 593 3418 toereoco
616 3358 646 3417 ct
668 3372 795 3417 errores
818 3350 925 3417 libelli
945 3352 1083 3438 Pcrvcy
1108 3349 1276 3426 Lollocclr',

272 3454 403 3521 collecti
466 3477 532 3542 pcc
589 3454 815 3520 reverendum
867 3455 1076 3539 mcyiotmcoe
1128 3453 1278 3539 fratrem

276 3556 475 3625 Ricardum
497 3556 702 3643 Locyrolrcm
727 3557 956 3626 C'ormtclitcm.
