3008 5490
540 726 719 780 rascrcom
741 727 966 781 zizaniorum.
1213 717 1277 784 405

225 913 417 1001 compellere
440 914 483 981 ad
507 914 589 982 illud
612 917 818 996 servandum,
849 916 914 982 nisi
940 917 1167 983 contraveniat
1194 919 1278 983 ordi-

225 1015 355 1082 nationi
390 1016 520 1096 divinae,
560 1020 618 1085 sed
656 1019 753 1085 debet
791 1019 876 1085 eum¹
894 1019 1105 1085 ‘committere
1139 1019 1279 1106 Spiritui

226 1117 362 1184 Βιιιιαιοἱ
397 1123 432 1184 et
477 1120 616 1207 propriae
655 1120 861 1187 conscientia
905 1121 1161 1208 gubernandum,
1201 1121 1279 1207 quin

224 1219 311 1295 talis,
339 1221 397 1305 qui
427 1243 494 1286 non
524 1221 674 1308 implebit
699 1226 814 1288 votum
839 1245 897 1288 seu
916 1223 1141 1307 juramentum
1172 1244 1279 1302 suum,

225 1319 268 1386 de
291 1321 377 1387 facto
399 1344 465 1387 non
488 1330 594 1410 potest
618 1322 714 1389 illud³
736 1325 879 1389 finaliter
901 1325 1099 1412 adimplere⁴

273 1420 399 1488 Contra
429 1446 528 1510 qnam
558 1426 707 1492 lraeresim
742 1427 837 1491 credo
875 1430 910 1491 et
945 1427 1049 1491 fateor
1082 1426 1179 1492 istam
1210 1449 1278 1492 esse

224 1523 419 1590 catholieam
454 1528 640 1595 veritatem.
703 1528 799 1608 Quod
833 1529 910 1594 licet
943 1529 1016 1614 quis
1050 1529 1278 1613 juramentum

224 1648 286 1692 seu
308 1632 425 1693 votum
456 1630 601 1695 emiserit
626 1630 669 1695 ad
696 1631 829 1717 aliquod
859 1631 982 1695 bonnm
1013 1652 1095 1717 opus
1125 1651 1184 1717 pro
1211 1631 1280 1695 Do·

223 1728 319 1795 mino
350 1731 544 1809 faciendum,
579 1737 613 1798 et
645 1732 729 1798 illud
762 1733 847 1798 forte
880 1737 994 1818 postea
1028 1753 1095 1797 non
1126 1731 1281 1797 habuerit

224 1831 370 1918 gretiam
407 1833 609 1921 adimplendi
647 1835 712 1899 sibi
749 1835 862 1900 datam
903 1857 924 1899 a
963 1835 1035 1900 Deo
1047 1858 1055 1915 ;
1100 1835 1127 1899 si
1166 1840 1278 1899 tomen

227 1933 321 1999 alind
344 1956 411 2000 non
438 1936 585 2015 obsistat,
618 1937 805 2024 hujusmodi
829 1942 945 2002 votum
968 1958 1025 2002 seu
1050 1936 1277 2022 juramentum

224 2041 280 2102 est
302 2038 507 2114 rationabile,
542 2045 577 2105 et
607 2044 776 2126 acceptum
808 2062 830 2103 a
859 2039 931 2104 Deo
961 2061 1021 2125 pro
1043 2045 1190 2127 tempore
1212 2059 1278 2125 quo

224 2161 288 2226 per
311 2139 420 2227 ipsum
444 2141 619 2217 emittitur,
651 2145 687 2206 et
716 2142 785 2227 ipse
815 2146 925 2228 potest
954 2142 1037 2207 illud
1061 2164 1190 2207 servare
1220 2163 1278 2228 per

224 2243 378 2328 gratiam,
411 2264 511 2330 quam
541 2245 661 2309 habere
691 2247 799 2330 potest
828 2267 848 2308 a
875 2245 955 2319 Dee,
979 2245 1008 2309 si
1030 2244 1113 2310 velit
1136 2245 1278 2330 seipsum

224 2344 272 2409 ad
298 2366 370 2409 eam
402 2346 625 2433 recipiendum
663 2347 834 2432 disponere
873 2352 1098 2433 congruenter.
1159 2346 1205 2411 Et
1234 2347 1280 2411 sio

224 2451 337 2532 potest
365 2470 385 2512 a
414 2449 553 2535 praelatu
589 2449 740 2536 oompelli
775 2449 819 2513 ad
857 2448 939 2513 illud
978 2449 1184 2525 servandum,
1221 2469 1279 2533 per

224 2549 370 2637 gratiam
393 2549 458 2615 Dei
480 2572 555 2616 cum
578 2551 651 2616 aliia
672 2550 790 2616 mediis
813 2551 1013 2637 opportunis.

707 2737 786 2804 VII.

273 2870 422 2960 Septima
437 2871 571 2940 haeresis
586 2895 686 2961 quam
701 2874 802 2951 tenui,
820 2873 942 2961 scripsi,
958 2879 993 2939 et
1007 2871 1112 2953 docui,
1127 2873 1193 2939 fuit
1207 2873 1337 2997 latente·c
1342 2887 1368 2931 ro
1378 2879 1421 2933 the

275 2974 386 3056 Qnod⁶
406 2975 618 3042 Innocentius
642 3000 727 3064 papa
748 2978 875 3057 tertius,
897 2981 931 3041 et
960 2977 1105 3042 sexcenti
1128 2976 1277 3063 episeopi,
1291 3013 1372 3065 osne
1361 2964 1416 2999 ¹⁰⁰⁸

225 3099 302 3143 cum
341 3079 415 3143 aliis
450 3079 540 3144 mille
572 3080 723 3166 praelatis,
762 3085 796 3145 et
830 3084 902 3145 toto
934 3079 1064 3144 residuo
1101 3078 1186 3155 cleri,
1222 3078 1379 3195 qu1L'1100011
1380 3081 1439 3131 ¹¹⁰1

227 3202 303 3245 eum
328 3181 442 3247 eodem
466 3204 551 3268 papa
575 3182 632 3247 det
618 3183 878 3247 terminaverunt
911 3181 1151 3247 concorditer
1142 3204 1177 3245 m
1203 3202 1280 3247 con·
1292 3146 1385 3212 Lyona

226 3280 317 3348 oilio⁰
343 3284 488 3370 generali
514 3284 727 3372 Lugdunensi
750 3284 878 3371 qnod
868 3306 904 3348 ιιι
934 3288 1136 3353 sacramento
1165 3284 1280 3352 altaris
1382 3347 1384 3352 ,
1436 3345 1442 3361 ,

226 3390 303 3473 post
335 3386 577 3454 conversionem
605 3387 699 3474 panis
731 3385 860 3452 etvini
886 3386 924 3450 in
946 3408 1061 3474 corpus
1085 3382 1208 3453 Clnisti
1235 3384 1280 3452 et⁷

224 3487 430 3575 sanguinem,
463 3489 645 3555 accidentia
667 3491 855 3556 eorumdem
887 3488 981 3576 panis
1008 3495 1042 3554 et
1073 3486 1145 3554 vini
1176 3511 1280 3556 rema-

225 3595 308 3656 nent
334 3589 403 3668 ibi!
433 3591 503 3656 sine
530 3590 640 3678 aliquo
670 3592 819 3678 subjecto
843 3591 975 3679 proprio
1002 3591 1212 3672 eorumdem;
1246 3598 1281 3658 et

227 3693 286 3780 qui
312 3698 502 3759 statuerunt
532 3694 654 3760 ibidem
678 3694 768 3782 quod
794 3716 905 3759 omnes
932 3693 1057 3760 Christi
1086 3694 1198 3761 fideles
1225 3696 1279 3761 de-

219 3795 358 3883 berent⁰
387 3798 486 3861 semel
522 3794 558 3861 in
593 3819 679 3862 anno
714 3795 862 3862 confiteri
897 3795 1008 3861 omnia
1044 3803 1178 3882 peccata
1218 3817 1278 3862 sna

225 3898 357 3987 proprio
377 3899 546 3978 saoerdoti,
568 3905 602 3965 et
626 3896 794 3986 recipere¹⁰
809 3899 869 3964 hoc
891 3899 1077 3966 venerabile
1101 3921 1280 3966 sacramen-

233 4123 486 4138 *at-fi*-

261 4247 268 4280 ¹
281 4248 347 4316 erm]
361 4264 410 4300 om.
423 4249 457 4300 Λ.
807 4246 940 4315 ‘eoncilio]
954 4249 1066 4310 oonsilio.
1078 4247 1113 4313 A,
1125 4248 1155 4302 ll.

260 4329 562 4395 'conmittere-Suam]
576 4329 730 4381 committere
807 4328 865 4393 ἐι]
878 4328 914 4389 ln,
927 4331 961 4380 A.

227 4409 353 4519 Spiritum
365 4410 494 4500 tanetum,
507 4409 537 4459 F.
809 4409 819 4516 ἰ
830 4406 992 4536 ι’ὶὺιέςῖδίιῑὶεπὲ,
1003 4405 1062 4538 ξω
1083 4488 1105 4537 P

261 4486 507 4633 ‘'lilibiddssb'mkll',
520 4567 598 4617 ll'ilk.
812 4567 830 4596 ¹⁸
841 4488 959 4633 :amiciri
973 4503 1022 4617 olm
1035 4524 1070 4616 Fi
1105 4516 1112 4539 ι

260 4651 270 4680 ⁸
285 4645 500 4711 Contra-Quod]
514 4660 562 4696 om.
575 4646 604 4695 F.
