3008 5490
10 684 23 827 Ξ
273 786 282 805 ,
383 739 561 799 rssmenm
583 742 807 800 zrzumosnu
1054 727 1118 799 389

10 898 150 999 bne
179 931 368 1012 vivendum,
393 940 428 1001 et
451 935 534 1002 bene
565 937 747 1002 docendum
773 959 870 1002 suurn
901 935 1116 1053 evangelium,

57 1035 100 1099 ά
126 1033 382 1101 ministrandum
412 1038 531 1124 populo
562 1061 621 1105 suo
659 1039 769 1105 omnia
806 1039 985 1104 necessaria
1014 1059 1119 1103 sacra

10 1100 28 1257 ιξΙ
54 1140 184 1203 nauca
230 1136 276 1201 Et
305 1139 444 1223 quilibet
472 1140 570 1206 homo
601 1147 741 1218 sanetus,
769 1141 826 1226 qui
857 1146 907 1206 est
933 1138 1116 1205 membrum

10 1240 21 1297 'r
57 1232 200 1314 cnuti,
225 1243 260 1302 et
286 1239 350 1304 erit
372 1241 526 1319 salvatus,
555 1247 605 1308 est
629 1264 726 1307 verus
749 1243 921 1329 presbyter
948 1241 1117 1306 ordinatus

10 1396 14 1401 .
10 1346 83 1405 ἰ
120 1337 203 1417 Deo,
240 1339 317 1406 licet
354 1342 463 1408 nullus
500 1344 652 1409 secularis
690 1344 858 1430 episcopus
902 1364 1046 1428 unquam
1084 1344 1116 1407 ei

52 1458 199 1507 mum
222 1440 376 1528 imponat.

107 1544 139 1608 5.
167 1541 254 1609 Item
277 1546 365 1631 quod
387 1568 472 1634 papa
495 1554 529 1613 et
550 1548 680 1635 praelati
702 1549 806 1635 magis
829 1548 1011 1634 ponderant
1041 1568 1115 1613 suos

53 1642 272 1724 chamere,
308 1654 348 1713 ut
381 1655 532 1715 tonsuras
564 1657 598 1716 et
631 1673 764 1716 coronas
799 1651 841 1714 ab
875 1651 921 1714 eis
953 1650 1114 1725 inventas,

53 1766 165 1836 quam
190 1770 306 1814 verum
337 1752 554 1817 sacerdotium
578 1753 701 1818 sactum
738 1775 759 1817 a
789 1753 868 1828 Deo,
900 1774 975 1817 cum
1005 1773 1116 1817 omnes

53 1850 171 1919 uncti
193 1850 419 1938 praedestinati
441 1855 509 1920 sint
532 1856 603 1920 veri
625 1855 807 1921 sacerdotes
829 1855 910 1919 facti
932 1853 975 1919 ab
998 1854 1061 1919 illo.

557 2105 616 2172 1v.

108 2263 161 2333 De
184 2275 348 2355 potestate
370 2269 512 2336 cladum
537 2277 571 2336 et
593 2271 735 2336 censuris
758 2270 845 2346 dicit,
1128 2291 1255 2347 Acrotho

108 2374 141 2436 1.
166 2370 262 2451 Quod
293 2373 401 2438 nullus
424 2373 619 2439 christianus
651 2374 748 2438 debet
771 2369 963 2459 appretiare¹
999 2369 1116 2438 Satha·
1127 2362 1252 2493 {³32¹ng

54 2494 151 2551 nam,
177 2495 275 2560 quem
298 2476 346 2540 ibi
368 2482 466 2541 vocat
488 2498 615 2562 papam,
644 2482 677 2541 et
701 2498 851 2541 censuras
872 2475 942 2561 ejus
968 2474 1114 2560 injustos,
1128 2496 1249 2546 ιιι-ἀοι

54 2575 251 2664 plusquam
273 2578 404 2643 sibilum
425 2579 522 2643 unius
542 2579 709 2665 serpentis,
729 2584 788 2642 aut
774 2578 925 2642 tflatum
945 2577 1093 2641 Luciferi
1129 2576 1206 2613 ’ΠΜ

107 2680 139 2743 2.
172 2678 261 2744 Item
284 2681 373 2765 quod
393 2703 489 2746 nemo
512 2681 609 2746 debet
632 2680 828 2746 confidere
818 2702 854 2743 m
885 2678 976 2743 salsis
1006 2679 1117 2744 indul-

56 2781 184 2868 gentiis
206 2782 397 2868 cupidorum
419 2782 689 2868 presbyterorum,
712 2804 786 2868 quae
807 2781 1007 2846 subtrahunt
1026 2803 1116 2868 spem

56 2880 235 2949 hominum
269 2906 290 2948 n
323 2883 395 2949 Deo
427 2886 470 2949 ad
503 2885 650 2950 homines
683 2890 873 2971 peccatores,
910 2888 944 2949 et
974 2884 1117 2970 spoliant

58 3004 221 3072 pauperes
258 2987 463 3072 eleemosyna
504 2988 550 3052 eis
590 2987 724 3052 debita:
774 2986 861 3072 quod
908 2986 989 3051 tales
1028 3008 1116 3073 pres·

59 3085 174 3172 byteri
215 3095 294 3153 sunt
336 3090 508 3154 manifeste
542 3091 722 3176 proditores
763 3089 895 3168 Christi,
942 3093 976 3153 et
1013 3089 1116 3153 totius

60 3189 228 3269 coclesiae3
257 3191 333 3256 vel2
364 3193 481 3257 saltem
511 3198 734 3278 procuratores
765 3191 920 3256 Sathanae
952 3191 995 3254 ad
1032 3189 1117 3255 deci·

61 3292 223 3379 piendum
252 3294 379 3359 animas
409 3294 601 3360 christianas
632 3316 689 3380 per
719 3315 812 3359 suam
842 3292 1049 3378 hypocrisim,
1081 3297 1115 3356 et

62 3394 160 3461 fictus
184 3396 412 3482 indulgentias.

106 3501 136 3563 3.
173 3497 261 3563 Item
291 3522 333 3564 ex
360 3522 425 3586 quo
461 3498 591 3586 pmelati
625 3507 659 3565 et
694 3498 801 3564 clerici
837 3495 1002 3574 seculares,
1034 3519 1115 3582 quos

60 3598 108 3665 ibi
139 3606 237 3666 vocat
266 3602 448 3666 mundiales
478 3602 596 3677 fatuos,
639 3603 761 3666 vivunt
799 3602 848 3665 ita
890 3598 1116 3665 execrabiliter

60 3708 177 3767 contra
207 3705 421 3790 evangelium,
456 3712 490 3769 et
520 3705 706 3790 exemplum
738 3704 861 3770 Christi
892 3707 926 3767 et
955 3703 1115 3789 apostolo-

60 3825 135 3885 rum
170 3804 247 3889 ejus,
282 3812 316 3870 et
353 3829 420 3871 non
455 3807 572 3872 docent
608 3808 768 3871 veraciter
805 3804 1019 3890 evangelium,
1058 3805 1115 3869 sed

60 3908 232 3972 mendacia
267 3915 300 3973 et
334 3908 432 3973 sabas
465 3909 658 3973 traditiones
693 3909 864 3973 hominnm
899 3913 1113 3993 peccatorum,

59 4016 155 4096 petet
189 4010 285 4075 valde
322 4012 494 4076 manifeste
528 4011 616 4096 quod
650 4012 713 4096 ipsi
746 4033 812 4075 non
846 4009 971 4074 habent
1008 4009 1114 4074 claves

59 4113 153 4199 regni
187 4113 351 4190 coelorum,
387 4114 444 4178 sed
479 4113 585 4178 claves
619 4113 744 4177 inferni
807 4113 852 4177 Et
890 4112 1010 4177 debent
1045 4134 1113 4176 esse

59 4215 157 4280 valde
188 4215 290 4281 securi
328 4216 416 4303 quod
447 4217 536 4281 Deus
566 4236 736 4300 nunquam
772 4216 863 4280 dedit
895 4215 941 4278 eis
971 4218 1110 4300 potesta·

56 4322 125 4382 tem
160 4318 203 4382 ad
236 4319 420 4384 faciendum
454 4323 506 4383 tot
535 4318 729 4383 traditiones
763 4341 836 4404 quae
868 4317 1111 4382 contrariantrn

442 4547 477 4554 .-
484 4547 525 4553 --
538 4539 1110 4553 ---·—-.———-—-.—-.‘..—.—---n--

96 4687 104 4724 ¹
115 4691 270 4759 appretiare]
284 4692 430 4759 appreciari,
442 4693 497 4746 MS.
577 4690 582 4760 Ι
646 4693 655 4724 ¹
667 4691 716 4759 cel]
730 4700 762 4754 et,
774 4691 830 4744 MS.
