3008 5490
553 738 731 792 rascrcum
752 743 976 794 zrzsruonun
1223 731 1288 795 253

218 1004 221 1009 ,
282 930 388 998 Patet
410 953 452 996 ex
473 930 541 1009 hoc,
569 930 656 1015 quod
680 931 786 994 omnis
810 930 1017 995 Christianus
1039 938 1149 1018 posset
1170 933 1205 995 in
1229 933 1288 997 hoc

213 1046 352 1113 ωηο
398 1032 595 1098 difformiter
643 1033 686 1097 ab
738 1033 870 1098 ecclesia
916 1032 1164 1119 triumphante3
1209 1041 1289 1099 ωηο

218 1133 371 1209 *butem
404 1156 471 1200 non·
501 1135 619 1220 ligaret
648 1135 702 1199 vel
732 1136 881 1212 solveret,
911 1141 950 1199 ut
979 1136 1177 1221 praetendit3
1211 1160 1288 1224 ergo

191 1230 309 1323 -Jonan
330 1242 441 1324 potest
462 1246 529 1301 esse
552 1236 683 1322 quodsi
706 1237 883 1323 prsetsndit
904 1259 938 1301 se
960 1238 1061 1323 ligare
1076 1239 1130 1302 vel
1152 1240 1285 1316 solvere,

184 1326 207 1425 Ξῖ
231 1336 288 1409 ih
302 1339 392 1405 facit,
438 1337 538 1405 Unde
565 1339 697 1404 videtur
719 1340 800 1403 mihi
822 1340 910 1425 quod
932 1361 1092 1426 usurpans
1116 1341 1179 1405 sibi
1203 1340 1287 1407 hunc

184 1432 204 1503 ἶ.
231 1446 449 1533 potestatem,
480 1440 566 1506 foret
588 1441 643 1505 ille
676 1440 774 1506 homo
797 1441 929 1528 peomti,
954 1441 995 1505 de
1025 1464 1090 1527 quo
1121 1445 1149 1506 2.
1177 1443 1285 1508 Thess.

225 1558 277 1611 11.
293 1545 326 1621 4,
340 1543 504 1619 scribitur,
523 1542 620 1625 Quod
644 1542 687 1608 ω
714 1543 836 1629 templo
859 1543 924 1610 Dei
948 1543 1065 1621 seduct,
1082 1552 1111 1610 ct
1136 1547 1287 1611 ostendat

226 1666 272 1717 σο
295 1651 464 1733 tanqum
487 1651 567 1710 cseet
594 1644 693 1710 Deus.
1357 1662 1361 1667 ’

720 1911 814 1979 XIV.

228 2121 232 2127 -
284 2071 428 2138 Credere
458 2071 614 2136 dehemus
644 2073 733 2158 quod
759 2078 838 2137 tunc
868 2073 972 2137 solum
999 2074 1082 2159 hgst
1105 2074 1158 2138 vel
1189 2076 1287 2140 solvit

232 2172 448 2260 simpliciter⁹
476 2173 599 2240 Christi
624 2175 772 2252 vicarius,
805 2177 937 2261 quondo
967 2175 1055 2263 agit³
1078 2177 1287 2243 conformiter

229 2276 305 2362 legi
329 2276 461 2342 Christi

284 2377 385 2442 Patet
415 2400 456 2442 ex
487 2378 548 2443 hoc
578 2381 666 2465 quod
697 2381 802 2444 omnis
836 2385 981 2466 potestas
1012 2380 1136 2446 Christi
1171 2383 1285 2446 vicarii

231 2481 345 2546 solum
370 2486 451 2545 ωηο
475 2487 525 2545 est
551 2483 585 2545 in
611 2482 729 2547 effectu
755 2483 909 2568 legitima,
927 2483 1058 2568 quando
1084 2484 1285 2569 beneplacito

235 2582 369 2668 Capitis
385 2583 525 2649 ecclesiae
540 2585 730 2669 regulatur.⁴

727 2879 798 2945 XV.

265 2985 359 3092 ‘Hoc
389 3026 487 3091 debet
517 3025 603 3091 credi
642 3025 806 3107 catholice,
845 3026 933 3112 quod
969 3026 1109 3111 quilibet
1138 3027 1285 3091 sacerdos
1297 3038 1384 3115 qury

236 3131 301 3194 rite
333 3129 503 3192 ordinatus
533 3129 711 3192 secundum
741 3128 846 3214 legem
877 3128 1000 3214 gratim,
1040 3129 1140 3193 habet
1177 3133 1284 3215 potes·
1298 3113 1444 3221 ffiffl

235 3219 343 3296 tatem
380 3230 557 3294 secundum
597 3252 694 3315 quam
734 3237 842 3316 potest
888 3235 1090 3295 sacramenta
1129 3231 1424 3317 quaeljbetnhsacra-

236 3332 432 3407 ministrare,
461 3338 495 3396 et
521 3354 579 3419 per
604 3354 801 3417 consequens
831 3332 894 3397 sibi
925 3333 1104 3398 confessum
1135 3334 1175 3397 de
1205 3356 1284 3419 quo·
1297 3305 1445 3419 ffisseffnd

236 3457 365 3521 cunque
394 3438 524 3522 peccato
551 3435 728 3499 contritum
753 3435 926 3501 absolvere.

283 3539 383 3603 Patet
420 3559 462 3601 ex
491 3537 552 3601 hoc
578 3537 667 3623 quod
696 3542 875 3623 potestates
905 3536 1056 3602 ordinum
1087 3537 1122 3600 in
1153 3538 1285 3623 quibus-

238 3662 367 3727 cunque
399 3640 621 3705 sacerdotibus
650 3638 773 3704 Christi
799 3645 877 3704 sunt
901 3639 1049 3723 sequnlcs
1077 3645 1117 3703 ut
1142 3640 1285 3704 declarat

238 3744 351 3829 Hugo,
383 3750 424 3806 11⁰
454 3742 494 3806 de
525 3739 768 3810 Saommentis.⁵
814 3742 945 3826 Aliquae
970 3745 1082 3805 tamen
1106 3745 1285 3834 potestates

236 3847 404 3920 ordinum,
449 3844 589 3931 {equales
627 3843 699 3908 aliis
737 3844 770 3907 in
810 3843 1002 3918 substantia,
1045 3844 1285 3909 rationabiliter

236 3953 317 4012 sunt
346 3947 463 4033 ligatae,
498 3968 574 4032 quae
605 3951 745 4034 possunt
758 3966 760 3970 ·
774 3946 856 4010 solvi
887 3945 929 4010 od
960 3944 1222 4023 ministrandum,
1246 3952 1286 4011 ut

237 4049 319 4114 dicit
345 4048 514 4114 conclusio.

612 4264 1235 4273 „.-—.-—..——-—-——-—.——-.——⁴
1242 4264 1282 4269 ..-

275 4411 386 4475 ¹1:11th
400 4410 491 4460 auimo.
504 4408 532 4459 C.
819 4409 827 4437 e
839 4406 974 4474 repetatur]
996 4409 1123 4474 regulatur
1139 4419 1165 4462 et
1182 4411 1285 4476 regitur,

796 4486 806 4509 ι

272 4525 444 4592 rumpentur]
458 4527 574 4591 ⁸lmt‘¹⁰¹⁹
584 4526 619 4576 A·
784 4487 827 4595 μ’
839 4564 915 4630 Engo
926 4566 957 4616 de
969 4567 995 4619 S.
1007 4566 1118 4625 Victore,
1129 4569 1160 4618 de
1172 4568 1282 4627 Sacram.

272 4645 358 4710 ’affl
371 4660 420 4695 om.
433 4644 462 4695 C.
573 4715 576 4723 .
784 4659 813 4694 rr.
826 4652 881 4709 part
892 4650 915 4706 3,
927 4661 980 4713 cap.
995 4649 1034 4709 1²,
1049 4651 1085 4697 1³.
