3008 5490
543 748 722 805 essmoutr
745 751 967 806 zrzsmosuu
1214 747 1278 810 299

227 933 393 1001 bedellum
431 933 520 1002 illius
556 935 731 1014 facultatis,
770 935 806 1002 in
843 939 993 1026 proximo
1035 942 1159 1008 lectura
1196 942 1279 1009 inibi

224 1035 385 1113 fnoiendu,
400 1035 525 1124 absque
545 1037 763 1104 diminutione
778 1061 981 1127 quacunque,
997 1041 1124 1108 facietis
1145 1043 1280 1111 effeetu-

226 1137 327 1204 uliter
348 1137 530 1225 publicem
551 1139 646 1206 nobis
675 1139 762 1206 illico
791 1141 1002 1209 rescribentes
1028 1144 1109 1230 quid
1139 1145 1280 1213 feceritis

225 1240 265 1306 in
286 1239 350 1306 heo
371 1246 474 1327 perte

270 1341 442 1428 Scriptum
467 1342 506 1407 in
530 1344 675 1411 manerio
700 1350 813 1410 nostro
836 1345 878 1410 de
903 1346 1080 1426 Otteforde,
1096 1350 1279 1435 penultimo
1292 1357 1428 1424 oteramo,

227 1443 284 1513 die
309 1442 400 1509 Maii
447 1443 583 1534 Semper
605 1445 642 1512 in
667 1445 800 1516 Christo
823 1447 939 1516 valete.
1291 1425 1407 1543 &³⁰⁹

283 2182 358 2249 S!
397 2205 465 2248 non
494 2183 646 2250 obstante
683 2185 743 2251 huo
783 2184 879 2251 litere
912 2184 1033 2270 incepit
1070 2183 1277 2250 concellarius
1290 2183 1345 2236 'rte
1356 2185 1433 2271 211⁸ss-

225 2271 404 2372 predictus
433 2285 548 2350 mvire
577 2285 614 2350 in
642 2276 778 2352 fratrem
809 2286 943 2350 Petrum
972 2285 1097 2371 Stokys
1128 2292 1162 2352 et
1191 2252 1414 2369 eom-ffieaj.

226 2407 360 2452 movere
387 2386 637 2453 universitatem
668 2393 782 2454 contre
811 2409 894 2464 eum,
927 2388 1062 2453 dicendo
1091 2389 1180 2473 quod
1208 2388 1277 2473 ipse
1288 2397 1357 2434 enee.

226 2486 346 2552 Petrus
377 2487 445 2575 egit
475 2489 518 2553 ed
547 2489 790 2555 enervationem
816 2488 1006 2554 libertatum
1032 2495 1066 2554 et
1092 2489 1278 2574 privilegio·

223 2608 299 2652 mm
332 2589 557 2654 universitatis
595 2589 810 2670 Oxoniensis3
850 2595 884 2655 et
918 2590 1046 2655 dicebat
1086 2590 1175 2675 quod
1218 2610 1278 2652 nee

225 2689 395 2777 episeopus
427 2711 487 2756 neo
527 2690 783 2777 archiepiscopus
822 2689 958 2756 haberet
987 2712 1083 2776 super
1120 2689 1278 2755 universi-

226 2796 333 2857 tatem
354 2796 552 2878 potestatem
575 2791 728 2877 aliquem,
753 2792 853 2857 etium
875 2793 911 2855 in
932 2813 1029 2856 censa
1050 2790 1188 2855 hoeresis.

271 2892 319 2958 Et
348 2898 422 2979 post
454 2893 625 2958 eonsilium
655 2915 751 2957 suum
781 2893 998 2959 deliberatum
1027 2914 1102 2956 oum
1128 2912 1278 2977 procurer

225 2993 354 3058 toribus
385 2998 420 3059 et
453 2993 528 3059 otiis
561 2994 750 3080 regentibus
783 2993 988 3069 secularibus,
1023 2993 1157 3057 tandem
1192 2991 1278 3055 dixit

224 3095 336 3181 palem
361 3101 395 3161 et
418 3095 547 3180 publice
568 3097 657 3180 quod
681 3096 789 3161 voluit
814 3096 913 3161 Petro
936 3095 1091 3181 proedicto
1106 3093 1277 3173 assistere3

225 3197 286 3261 sed
309 3201 471 3282 quantum
496 3197 607 3283 potuit
632 3197 696 3261 sibi
726 3198 856 3273 restitit,
888 3197 1094 3262 convocando
1123 3196 1278 3259 adversus

225 3317 304 3361 eum
345 3294 454 3383 plures
496 3303 640 3362 armatos
690 3299 774 3362 ciros
818 3304 957 3376 eentum,
1004 3298 1039 3361 in
1089 3296 1217 3361 loricis*
1244 3301 1278 3360 et

225 3398 353 3485 gudita,
377 3399 431 3463 vel
454 3399 497 3463 ed
520 3399 789 3475 interficiendum,
811 3400 865 3465 vel
888 3400 1108 3486 repellendum
1132 3397 1275 3473 Petrum,

228 3500 261 3566 si
290 3521 420 3565 oensem
450 3506 653 3566 attentaret:
692 3501 793 3566 immo
816 3508 850 3565 et
879 3500 1035 3584 majorem
1065 3499 1197 3566 vocavit
1234 3499 1277 3563 ad

224 3606 354 3687 portem
384 3623 486 3675 suam,
518 3602 582 3666 sibi
613 3603 749 3667 dicendo
775 3603 864 3688 quod
887 3609 1020 3667 eentum
1045 3607 1187 3666 armatos
1219 3600 1275 3664 hu·

224 3703 317 3768 beret
337 3708 486 3788 prompte
512 3709 625 3768 oontre
645 3703 780 3767 Petrum
803 3702 1022 3768 Carmelitam.

271 3803 383 3868 Etiam
402 3825 477 3870 eum
492 3804 615 3889 majore
630 3810 664 3870 et
684 3804 752 3869 suis
774 3803 1045 3890 procuratoribus,
1072 3808 1106 3867 et
1121 3803 1194 3866 eliis
1208 3802 1276 3868 suis
1348 3868 1350 3872 Α

223 3904 436 3990 eomplicibus
461 3905 617 3992 prooessit
640 3906 683 3970 ud
705 3927 908 3985 sermonem;
931 3910 965 3969 et
990 3905 1025 3969 in
1047 3904 1104 3968 illo
1128 3925 1276 3968 sermone

222 4006 385 4071 excitavit
419 4006 575 4092 magister
609 4007 780 4093 Philippus
813 4006 1019 4092 Repyngdon
1045 4005 1202 4090 populum
1232 4003 1274 4067 nd

222 4107 501 4182 insurrectionem,
525 4107 625 4172 etad
646 4108 830 4193 spoliandus
852 4108 1022 4183 eeclesias3
1056 4112 1090 4170 et
1116 4126 1275 4170 excusans

223 4209 419 4294 magistrum
441 4208 465 4274 J
467 4207 629 4273 ohannem
649 4208 817 4294 Wyoolyff
835 4208 871 4272 in
892 4207 1044 4273 omnibus
1066 4206 1130 4270 sibi
1152 4206 1274 4271 favens

225 4308 297 4374 Ubi
323 4310 523 4394 praedicevit,
550 4309 637 4373 inter
663 4315 777 4385 cetera,
809 4309 897 4394 quod
924 4307 1050 4373 domini
1079 4307 1298 4392 temporales·

224 4409 346 4475 debent
372 4411 462 4496 prius
488 4410 742 4475 recommendari
769 4409 805 4473 in
831 4408 1035 4473 sermonibus
1060 4429 1160 4494 quam
1189 4428 1274 4492 pope

223 4511 278 4575 vel
301 4511 464 4599 episeopi;
499 4515 533 4576 et
560 4511 616 4596 qui
639 4511 685 4575 sio
707 4533 774 4575 non
798 4510 1038 4575 reoommendet
1059 4508 1139 4573 facit
1161 4512 1273 4572 eontra

224 4610 428 4698 Scripturam
455 4633 602 4678 suorum:
634 4617 668 4676 et
694 4611 800 4677 multe
825 4611 891 4676 eliu
919 4610 1091 4697 opprobria
1116 4608 1204 4673 dixit
1232 4608 1273 4672 de
