3008 5490
246 703 288 765 26
549 715 728 769 racemum
751 717 982 769 arnsmosms

243 906 354 964 tamen
380 899 498 966 Petrus
527 901 563 966 in
593 902 653 968 hoc
680 902 819 968 dixisset
849 924 972 980 verum,
1003 908 1039 967 et
1068 902 1286 988 significatum

242 1002 327 1066 illius
337 1003 545 1087 adaequatum
560 1004 677 1070 suisset
697 1005 766 1082 hoc,
782 1027 849 1070 non
864 1026 937 1070 sum
953 1003 1077 1071 Christi
1091 1005 1287 1093 discipulus;

242 1110 323 1168 tunc
352 1105 537 1191 accipiendo
567 1107 670 1172 verba
707 1107 956 1183 conformaliter,
987 1127 1104 1171 verum
1132 1112 1220 1172 esset
1247 1107 1286 1172 de

242 1205 340 1271 Patre
369 1207 398 1271 si
431 1207 554 1274 diceret
586 1209 627 1273 de
658 1208 769 1294 seipso,
803 1207 886 1274 Noa
914 1228 1002 1285 scota
1034 1207 1115 1297 quia
1142 1230 1211 1274 non
1240 1212 1287 1274 est

243 1307 368 1374 Christi
388 1308 585 1396 discipulus;
610 1310 689 1395 quia
702 1311 739 1375 in
753 1331 830 1376 casu
850 1309 908 1375 tali
930 1331 1044 1376 sensus
1059 1309 1140 1374 dicti
1153 1331 1177 1374 a
1190 1308 1287 1376 Patre

244 1414 330 1475 esset
351 1432 456 1488 verus,
488 1411 622 1489 scilicet,
649 1411 749 1477 Peter
777 1433 847 1477 non
869 1415 921 1477 est
951 1410 1078 1478 Christi
1101 1410 1285 1498 discipulus

243 1513 289 1577 Et
304 1513 351 1578 sic
365 1519 459 1599 patet
474 1514 563 1599 quod
577 1514 646 1580 haec
662 1512 827 1600 responsio
842 1517 930 1579 stare
944 1534 1013 1579 non
1026 1517 1145 1599 potest

288 1616 500 1685 Postmodum
526 1616 629 1703 igitur
648 1616 745 1682 aliter
760 1616 935 1701 respondet
960 1615 1119 1701 Magister
1133 1636 1226 1680 meus
1244 1615 1286 1681 ad

242 1717 340 1782 istam
370 1719 610 1797 auctoritatem,
644 1719 794 1804 negando
831 1739 904 1783 eam
938 1716 1149 1804 simpliciter;
1182 1714 1284 1782 unde¹

242 1820 324 1882 mihi
338 1820 526 1905 supervenit
540 1818 684 1884 maxima
701 1819 883 1894 admiratio,
902 1818 981 1904 quia
995 1818 1116 1883 credidi
1131 1818 1174 1882 ab
1192 1818 1286 1883 initio

243 1920 439 2006 Magistrum
459 1942 569 1985 meum
588 1921 652 1986 niti
667 1921 818 1986 omnibus
834 1921 1003 1997 mediant
1024 1920 1167 1984 salvaret
1181 1919 1286 2006 Scrip

241 2027 350 2086 turam
365 2022 406 2087 de
425 2023 461 2087 vi
478 2023 574 2099 vocis,
592 2027 626 2087 et
640 2023 750 2087 omnia
771 2022 859 2088 dicta
877 2022 1088 2107 antiquorum
1108 2022 1285 2099 doctorum,

241 2124 401 2208 praecipue
423 2128 629 2188 sanctorum:
653 2146 741 2188 nunc
762 2127 873 2189 autem
891 2145 956 2188 non
976 2123 1081 2189 solum
1103 2122 1236 2189 haesitot
1251 2124 1287 2188 in

241 2224 336 2288 dictis
371 2225 407 2289 Β.
439 2225 596 2310 Gregorii,
635 2225 693 2290 sed
727 2230 826 2312 negat
854 2225 1098 2290 attestationem
1130 2225 1286 2291 Jeremiae

239 2325 416 2411 prophetae.
461 2327 485 2391 J
486 2349 540 2391 am
563 2327 765 2392 conferamus
787 2328 830 2391 od
852 2327 992 2392 invicem
1014 2326 1079 2391 ista
1100 2326 1189 2391 dicta
1210 2349 1284 2392 cum

239 2426 410 2511 prioribus.
455 2427 537 2492 Tam
560 2450 640 2493 vera
665 2434 716 2493 est
742 2428 912 2514 Scriptura
937 2450 1035 2505 sacra,
1063 2433 1099 2493 et
1116 2432 1214 2492 tanta
1235 2433 1285 2493 est

240 2529 311 2612 ejus
332 2529 556 2606 auctoritatus,
580 2532 668 2615 quod
691 2529 850 2616 Magister
871 2551 970 2607 meus,
996 2530 1039 2595 ob
1068 2530 1284 2595 reverentiam

240 2630 426 2718 Scriptura,
471 2632 618 2697 concedit
659 2631 743 2697 hanc
779 2632 974 2718 particulam
1018 2631 1180 2717 evangelii
1217 2652 1285 2697 esse

237 2754 357 2810 veram,
370 2732 699 2801 Dcamooa'ccmhcbes
708 2757 723 2814 ,⁴
746 2755 820 2798 cum
844 2737 956 2798 tamen
973 2732 1021 2798 ibi
1039 2754 1101 2798 nec
1119 2733 1165 2797 sit
1182 2733 1286 2798 oratio

237 2836 405 2920 completa,
429 2858 489 2901 nec
514 2858 573 2923 per
595 2836 736 2921 aliquem
758 2839 908 2900 sanctum
931 2835 986 2899 vel
1010 2834 1177 2900 ecclesiam
1199 2834 1285 2899 affir-

237 2941 347 3001 mata:
381 2938 561 3002 sedunam
586 2937 841 3023 propositionem
867 2937 1030 3022 integram
1051 2942 1085 3001 et
1106 2936 1284 3022 perfectam

237 3061 337 3123 quam
360 3039 520 3104 Jeremias
544 3040 690 3115 assemit
707 3044 807 3125 negat
822 3060 889 3103 esse
904 3060 1024 3104 veram.
1057 3039 1198 3102 'Videtur
1216 3038 1285 3103 haec

236 3162 302 3203 non
320 3162 388 3204 esse
408 3142 478 3205 laus
500 3142 684 3229 Scripturas,
701 3142 758 3205 sed
779 3141 945 3226 derogatio
960 3140 1119 3226 quaedam,
1143 3146 1183 3204 ut
1202 3141 1285 3205 illud

236 3246 373 3326 negetur
396 3243 483 3326 quod
506 3243 666 3329 propheta
689 3247 820 3307 sanctus
846 3242 932 3307 dixit
955 3243 1085 3317 orando,
1110 3248 1145 3306 et
1168 3263 1284 3307 verum

235 3364 302 3405 esse
333 3344 527 3408 concedetur
552 3345 640 3430 quod
670 3344 763 3428 impii
800 3343 910 3409 Judaei
942 3344 1097 3407 dixenmt
1134 3343 1284 3430 blasphe-

235 3445 362 3510 mando.
410 3445 643 3511 Verumtamen
661 3450 822 3531 quantum
844 3446 888 3509 ad
908 3445 1040 3509 modum
1056 3446 1282 3530 responsionis,

235 3546 270 3608 in
294 3552 387 3633 parte
411 3547 568 3635 Magister
590 3548 743 3614 convenit
766 3568 892 3611 mecum
913 3551 1037 3611 etcum
1059 3546 1180 3632 logicis,
1205 3548 1284 3632 quia

235 3650 347 3716 multra
371 3656 448 3717 sunt
477 3651 713 3738 propositiones
737 3649 922 3735 Scriptura,
950 3670 1031 3733 quas
1056 3648 1132 3712 volo
1162 3670 1283 3734 negare

234 3752 275 3815 de
289 3753 326 3816 vi
341 3755 438 3834 vocis,
463 3754 519 3817 sed
542 3753 715 3818 concedere
737 3772 867 3816 sensum
883 3772 981 3836 quem
1002 3754 1152 3815 auctores
1173 3749 1283 3836 Scrip-

234 3856 318 3917 turas
339 3855 565 3941 principaliter
586 3854 775 3920 intendunt

68 3963 129 4014 Itre
102 3964 209 4017 ιιιιιιιιιιι
280 3953 459 4040 Hucusque
486 3961 663 4021 tractatum
686 3961 735 4020 est
757 3955 799 4020 de
829 3953 1089 4029 auctoritatibus
1117 3974 1199 4039 quas
1221 3975 1282 4040 ego

67 4046 124 4145 ξῖἳζ
121 4040 223 4147 Ψ
234 4054 359 4118 adduxi
393 4062 506 4122 contra
535 4059 720 4143 opinionem
752 4056 906 4142 Magistri
932 4058 1016 4120 mei·
1050 4077 1137 4120 nunc
1167 4055 1282 4119 viden-

67 4164 184 4213 authoriti
185 4178 211 4213 as
235 4156 313 4220 dum
347 4162 396 4221 est
429 4159 571 4242 qualiter
597 4159 808 4224 auctoritates
844 4181 925 4244 quas
960 4157 1118 4243 Magister
1147 4157 1283 4221 adducit

67 4230 192 4359 iffi?
177 4295 213 4345 m
234 4257 359 4322 faciunt
381 4281 440 4344 pro
463 4265 555 4345 parte
575 4282 654 4339 sua3
673 4266 707 4324 et
724 4263 803 4325 sunt
825 4260 930 4324 octo
921 4281 956 4323 m
978 4280 1123 4335 numero,
1140 4280 1281 4344 quarum

66 4386 128 4438 sier
139 4389 204 4438 saun
234 4359 378 4444 quinque
402 4364 569 4445 ponuntur
594 4383 691 4447 super
716 4360 868 4426 Matthaei
895 4360 956 4424 211.2
981 4365 1010 4426 5
1035 4360 1164 4435 scilicet,
1195 4357 1280 4424 cort

67 4468 194 4519 ⁸Pfl⁵⁸⁸8⁰
233 4483 281 4526 cc
261 4459 358 4539 lca
379 4460 499 4528 οιιιιιιιι
517 4461 706 4539 (ambolant,
730 4463 833 4529 ιιιιιιι
849 4461 1006 4527 audeca
995 4460 1160 4549 leproso
1176 4481 1279 4526 ιιιιιι

352 4725 445 4793 Ιιιιιιιι]
464 4716 684 4786 undecenil,MS.·
767 4722 773 4790 1
885 4728 935 4775 2,ιι
971 4739 989 4772 r
