3008 5490
538 715 719 770 rnscrcrnr
741 713 964 769 zmnronuu
1233 702 1275 768 95

245 902 382 973 christum
408 906 555 994 decipere
579 906 701 972 multos
724 905 879 985 homines,
903 926 942 971 eo
964 906 1051 991 quod
1074 904 1201 971 videbit
1221 903 1274 983 sio,

244 1009 357 1074 etnihil
381 1031 442 1075 nec
455 1006 659 1095 aliqualiter¹
675 1013 784 1095 potest
806 1008 945 1095 incipere
967 1008 1048 1074 scire
1069 1008 1123 1074 vel
1145 1008 1255 1073 videre
1266 1031 1275 1087 3

242 1111 288 1176 sed
300 1110 386 1177 Deus
408 1133 476 1178 non
490 1111 583 1176 videt
604 1112 712 1197 ipsum
727 1110 872 1196 decipere
891 1109 1038 1175 homines
1053 1109 1116 1175 nisi
1132 1110 1185 1188 sio,
1195 1131 1276 1191 ¹cum

240 1211 309 1278 nihil
327 1214 429 1280 scitur
450 1213 515 1279 nisi
536 1234 661 1291 verum,
677 1213 854 1278 secundum
868 1212 1060 1278 catholicos:
1085 1235 1161 1298 ergo
1176 1211 1277 1275 Anti-

240 1313 362 1381 christus
386 1321 445 1393 est,
476 1319 511 1380 et
540 1315 587 1381 sic
614 1315 654 1380 de
684 1315 838 1400 quolibet.
884 1313 1020 1379 “Aliter
1049 1314 1164 1392 enim,''
1195 1315 1275 1379 dicit

240 1414 353 1495 Doctor,
390 1424 409 1453 “
423 1417 515 1483 Deus
544 1417 720 1483 clarissime
742 1422 776 1482 et
799 1417 920 1503 optime
949 1417 1077 1482 videret
1107 1421 1141 1482 et
1170 1416 1273 1496 sciret,

239 1521 345 1603 “quod
368 1519 506 1607 opinans
530 1520 716 1607 oppositum
739 1523 789 1584 est
813 1519 1045 1584 damnandns”

270 1621 322 1688 Ad
344 1623 545 1688 sententiam
569 1622 664 1686 istius
688 1622 873 1708 argumenti
899 1621 1046 1706 superine
1070 1621 1106 1684 in
1120 1620 1185 1685 alio
1199 1625 1275 1685 actu

237 1743 410 1811 responsum
437 1731 495 1802 est,
524 1728 558 1789 et
584 1723 691 1789 adhuc
716 1725 935 1810 respondetur,
957 1722 1106 1808 negando
1120 1722 1275 1806 majorem

234 1826 334 1910 primae
363 1825 511 1904 rationis,
549 1825 710 1903 videlicet,
749 1847 844 1891 omne
874 1824 963 1910 quod
999 1825 1090 1889 Deus
1119 1823 1275 1888 intuitive

233 1929 393 2015 ergnoscit,
419 1933 470 1993 eet
496 1948 644 2014 presens,
673 1926 753 2013 [et]'²
778 1928 824 1992 sic
847 1927 947 1992 habet
973 1947 1041 1992 esse
1064 1926 1210 2006 actuale3
1242 1931 1275 1991 et

232 2031 299 2116 quia
324 2031 362 2095 in
385 2030 444 2095 illa
473 2029 632 2094 fundatur
657 2034 730 2095 tota
752 2030 837 2095 ratio
860 2051 1005 2115 sequens,
1029 2029 1104 2094 ideo
1121 2052 1189 2094 non
1203 2051 1275 2114 pro-

231 2133 314 2198 adis
362 2131 450 2212 Quia
479 2136 591 2196 tamen
621 2129 654 2196 S.
685 2131 825 2196 Thomas
855 2132 916 2197 hoc
944 2131 1078 2196 videtur
1106 2130 1273 2209 affirmare,

230 2233 300 2313 dieo,
326 2235 414 2299 sicut
438 2234 537 2320 princ,
565 2233 653 2318 quod
679 2255 737 2319 per
760 2254 828 2298 esse
853 2233 1010 2320 intelligit
1040 2235 1208 2321 cognosci3
1241 2239 1274 2298 et

229 2334 292 2402 ideo
322 2337 472 2402 concedit
509 2357 608 2401 omne
645 2336 805 2400 intuitum
842 2358 864 2400 a
893 2335 964 2401 Deo
995 2358 1063 2401 esse
1092 2336 1272 2413 actualiter,

228 2437 288 2505 ie.
319 2439 493 2504 actualiter
518 2443 552 2502 et
581 2458 658 2501 vere
695 2436 851 2524 cognosci
909 2436 974 2502 Sed
1012 2439 1161 2523 quamvis
1198 2459 1273 2502 eum

228 2543 350 2606 lenem
366 2541 402 2606 in
416 2539 599 2620 sententia3
621 2540 755 2605 modum
768 2544 881 2606 tamen
894 2539 1049 2626 loquendi
1063 2540 1099 2606 in
1122 2563 1160 2606 eo
1181 2545 1273 2628 parte

229 2662 290 2708 non
311 2649 416 2709 teneo.

265 2746 358 2811 Tunc
372 2747 416 2810 ad
438 2744 726 2822 confirmationem,
745 2746 876 2829 quando
897 2744 1033 2809 assumit
1049 2744 1172 2810 Doctor
1186 2747 1274 2830 quod

227 2846 312 2914 Deus
337 2848 430 2913 videt
451 2846 693 2912 Antichristum
715 2847 861 2934 decipere
887 2847 1008 2912 multos
1025 2846 1180 2925 homines,
1197 2848 1274 2932 quia

225 2950 349 3015 videbit
374 2950 443 3029 hoc,
468 2949 679 3035 intelligendo
706 2949 746 3014 de
768 2949 895 3014 visione
922 2949 1098 3034 complexa,
1124 2970 1197 3033 quae
1224 2956 1274 3015 est

225 3052 380 3131 scientia3
412 3052 492 3116 sotis
515 3057 631 3116 notum
662 3053 822 3137 estquod
852 3050 927 3115 volo
951 3073 1068 3137 negare
1095 3052 1178 3116 hanc
1200 3075 1274 3118 con-

223 3154 449 3239 sequentiam3
480 3153 616 3233 videbit,
645 3174 720 3239 ergo
749 3154 842 3217 videt
854 3177 862 3231 ;
892 3154 945 3217 vel
968 3153 1192 3219 Antichristus
1218 3157 1274 3219 de·

224 3257 328 3341 cipiet,
369 3278 445 3341 ergo
480 3256 607 3341 decipit.
667 3255 760 3341 Nego
798 3255 897 3320 etiam
934 3257 1093 3320 minorem
1130 3257 1274 3342 ejusdem

223 3359 417 3445 argumenti,
449 3358 578 3437 scilicet,
610 3359 697 3442 quod
727 3357 810 3420 nihil
841 3380 900 3423 nec
936 3357 1137 3444 aliqualiter³
1166 3366 1275 3447 potest

224 3460 314 3524 Deus
338 3459 479 3546 incipere
504 3460 584 3524 scire
607 3459 660 3522 vel
684 3459 795 3523 videre
807 3483 815 3537 3
838 3461 917 3544 quia
943 3461 1033 3526 Deus
1055 3463 1171 3549 incipit
1195 3465 1274 3527 scire

223 3564 312 3648 quod
338 3584 398 3648 ego
428 3562 529 3638 sedeo,
558 3561 708 3646 quamvis
734 3561 776 3624 ab
800 3567 923 3626 caterno
947 3564 1078 3628 sciverit
1102 3565 1189 3649 quod
1215 3588 1275 3651 ego

222 3665 363 3744 sedeb03
387 3669 421 3728 et
445 3664 493 3727 ita
520 3663 560 3727 de
582 3663 663 3739 olim,
688 3685 827 3748 quorum
849 3664 1044 3749 improbatio
1059 3687 1126 3729 non
1141 3673 1274 3752 apparet

222 3767 304 3831 mihi
321 3788 363 3831 ex
387 3766 550 3851 aliquibus
566 3766 730 3851 praedictis
753 3766 856 3830 forma
878 3765 1061 3853 probabilis,
1085 3790 1162 3834 nam
1185 3769 1275 3837 istud

222 3871 342 3934 reduco
364 3875 478 3934 contra
501 3868 697 3953 Magistrum
720 3869 772 3933 sic.

269 3971 364 4036 Nihil
395 3992 453 4035 nec
482 3970 669 4055 aliqualiter
698 3975 805 4056 potest
829 3971 920 4036 Deus
950 3972 1090 4059 incipere
1116 3975 1196 4040 scire
1219 3976 1272 4041 vel
1286 3992 1397 4043 Iretum

223 4075 356 4152 videre3
380 4073 437 4137 sed
460 4072 549 4137 Deus
572 4094 660 4137 nunc
682 4074 744 4137 scit
770 4074 857 4158 quod
887 4096 946 4160 ego
972 4097 1060 4140 nunc
1086 4099 1158 4141 sum
1182 4059 1410 4176 actu-325⁸&

223 4177 320 4241 aliter
349 4180 443 4240 extra
473 4175 589 4252 Deum,
621 4195 696 4261 ergo
727 4175 817 4240 Dens
846 4198 913 4240 non
936 4176 1052 4263 incipit
1082 4180 1143 4244 hoc
1172 4182 1251 4245 scire
1263 4207 1271 4263 ;
1284 4192 1381 4255 against

224 4280 280 4345 sed
303 4279 477 4365 quicquam
500 4283 534 4342 et
557 4277 823 4366 qualitercunque
850 4277 941 4344 Deua
970 4280 1032 4347 scit
1062 4287 1096 4348 et
1126 4305 1192 4349 non
1222 4285 1272 4349 in-
1285 4259 1391 4313 mels·

806 4584 816 4613 ³
826 4581 976 4652 aliqualiter]
996 4585 1074 4648 aliter,
1085 4587 1142 4640 MS.
