3158 5490
554 706 732 758 rascrcum
762 705 987 756 zizaniorum.
1273 695 1315 762 17

256 918 352 962 sacro
381 899 462 960 tunc
491 895 574 960 finit:
610 916 686 981 ergo
716 894 881 959 intellexit
908 894 955 958 ibi
983 893 1113 958 nomine
1139 891 1315 979 Scripturas

257 999 414 1063 notitiam
459 997 681 1083 propheticam
734 1000 881 1082 respectu
922 996 1002 1081 legis
1047 995 1173 1071 futurae,
1216 1018 1315 1082 quam

259 1100 432 1165 Abraham
477 1099 637 1184 expressit
680 1098 791 1162 verbis
829 1098 882 1161 vel
927 1098 1028 1172 factis,
1079 1098 1170 1182 cujus
1215 1098 1315 1163 etiam

258 1201 385 1266 veritos
407 1201 615 1286 postmodum
645 1201 806 1285 descripta
836 1202 891 1263 est'
914 1199 1024 1263 literis
1072 1199 1198 1263 Iterum
1220 1199 1249 1263 si
1274 1200 1315 1264 de

259 1304 329 1368 solu
353 1303 496 1368 veritate
522 1300 691 1388 signabili¹
719 1302 781 1366 hoc
807 1303 979 1386 accepisset
1000 1301 1215 1381 vocabulum3
1248 1323 1315 1366 non

260 1405 500 1470 introduxisset
521 1427 580 1490 pro
600 1404 766 1490 proposito
787 1425 846 1467 suo
867 1404 953 1488 quod
972 1403 1108 1467 Hebraei
1129 1403 1315 1469 habuerunt

261 1509 375 1572 literas
412 1512 489 1571 ante
529 1506 710 1571 diluvium:
757 1527 799 1570 ex
838 1504 953 1590 [quo]⁹
994 1504 1161 1569 inferendo
1199 1505 1316 1590 probat

262 1609 353 1695 quod
371 1607 538 1694 Scriptura
560 1608 674 1673 divina
695 1607 831 1693 singulis
854 1607 997 1671 scientiis
1022 1612 1092 1670 tam
1121 1607 1315 1671 auctoritate

261 1732 365 1796 quo-m
389 1710 587 1795 antiquitate
613 1708 765 1795 precellit,
789 1708 903 1773 saltem
926 1707 1035 1772 iubis
1058 1727 1132 1792 quae
1155 1706 1315 1773 divinitus

262 1812 450 1878 hominibus
474 1812 609 1890 tradita,
631 1810 795 1899 cognoscit
819 1816 854 1876 et
876 1809 1035 1896 approbat
1061 1814 1173 1876 sancta
1209 1813 1315 1877 mater

263 1914 402 1979 ecclesia

306 2016 385 2081 Jam
423 2016 558 2080 ostendo
592 2015 680 2100 quod
713 2014 868 2100 praedicta
904 2013 1067 2099 responsio
1103 2034 1169 2079 non
1206 2012 1456 2104 salvatsamay,

263 2140 468 2183 communem
490 2117 624 2182 modum
645 2115 808 2201 loquendi,
835 2116 984 2180 immo'si
1009 2115 1114 2180 salvet
1139 2093 1444 2208 sophisticeffiffi

263 2221 417 2305 loquitur.
465 2219 547 2297 Quis
577 2218 664 2283 enim
688 2219 815 2302 sapiens
841 2217 963 2282 diceret
989 2218 1076 2301 quod
1100 2218 1141 2282 Β.
1170 2218 1477 2285 Lauren-mmor

263 2323 330 2386 tius
374 2321 577 2385 moriebatur
620 2325 753 2404 propter
789 2319 925 2383 nimiam
967 2320 1205 2404 antiquitatem,
1259 2291 1454 2385 velh¹¹⁸¹¹⁸⁸²

264 2423 410 2487 maxima
429 2422 610 2506 antiquitas
633 2420 697 2484 fuit
719 2442 815 2485 causa
844 2420 959 2484 mortis
981 2421 1058 2505 ejus,
1087 2443 1161 2487 cum
1181 2422 1315 2508 juvenis

264 2531 298 2588 et
316 2523 413 2588 fortis
430 2545 542 2608 passus
563 2523 607 2587 sit
624 2523 829 2606 martyrium,
850 2528 890 2585 ut
908 2527 1048 2587 testatur
1059 2523 1137 2608 ‘ejus
1160 2523 1315 2602 historia;

264 2631 298 2690 et
335 2632 450 2689 tamen
488 2624 576 2710 quod
613 2623 659 2687 sic
697 2623 802 2687 dicere
840 2628 1004 2709 oporteret
1040 2625 1140 2710 juxta
1185 2645 1315 2710 respon-

263 2728 393 2792 sionem
423 2725 619 2810 praedictam,
650 2731 788 2811 apparet
817 2746 859 2788 ex
895 2725 957 2789 hoc
994 2725 1083 2809 quod
1119 2725 1315 2790 venerabilis

263 2827 441 2892 Anselmus
472 2825 687 2911 Monologion,
718 2847 786 2911 cap.
812 2828 863 2889 21.
893 2827 974 2890 dicit
1002 2827 1218 2891 eremitatem
1248 2825 1314 2891 Dei

264 2952 330 2994 non
356 2950 426 2992 esse
452 2927 541 2992 aliud
564 2949 662 3012 quam
689 2926 759 3012 ejus
781 2925 979 2991 essentiam.⁸
1024 2927 1108 2994 Cum
1132 2927 1234 3013 igitur
1256 2950 1317 2991 an·

265 3032 403 3115 tiquitas
446 3028 491 3092 sit
533 3029 700 3092 aeternitas
744 3028 809 3091 Dei
845 3029 881 3092 in
918 3031 1090 3114 proposito,
1137 3029 1314 3093 seeundum

266 3132 463 3217 Magistrum
493 3151 626 3208 menm;
667 3151 745 3214 ergo
774 3130 832 3213 qui
870 3131 1008 3194 moritur
1042 3136 1175 3216 propter
1206 3131 1314 3195 Deum

265 3235 405 3298 moritur
442 3238 576 3318 propter
612 3231 853 3315 antiquitatem,
885 3231 972 3315 quod
998 3232 1033 3296 in
1064 3231 1170 3297 dicto⁴
1195 3233 1316 3298 dicitur

265 3336 451 3420 improprie,
478 3340 514 3397 et
542 3339 631 3396 caret
664 3338 733 3395 tam
763 3332 879 3407 fluctu,
905 3353 1002 3416 quam
1030 3355 1091 3398 usu
1117 3341 1152 3399 et
1177 3336 1313 3401 ratione.

265 3437 311 3501 Et
344 3438 417 3522 peri
451 3435 548 3498 modo
584 3433 717 3497 n'detur
751 3454 819 3496 esse
854 3433 936 3496 mihi
969 3434 1141 3499 dicendum
1177 3437 1218 3501 de
1254 3436 1315 3502 hoc

264 3559 384 3624 genere
421 3535 601 3608 locutionis,
633 3534 721 3618 quod
750 3534 930 3618 antiquitas
959 3541 1010 3598 est
1038 3557 1135 3601 musa
1165 3540 1315 3602 veritatis

265 3646 301 3703 et
321 3638 528 3703 auctoritatis
553 3635 738 3721 Scriptum,
763 3636 839 3719 quia
863 3634 954 3699 Deus
973 3644 1024 3701 est
1044 3659 1140 3702 causa
1162 3639 1314 3722 ejusdem.

265 3740 338 3805 Nec
374 3739 454 3803 facit
494 3739 537 3801 ad
575 3738 636 3800 hoc
676 3737 874 3800 evidentiam
916 3739 1004 3822 quod
1042 3739 1174 3803 Novum
1204 3739 1315 3804 Tasa-

265 3848 414 3906 mentum
448 3846 499 3904 est
535 3846 703 3912 aeternum,
746 3845 781 3902 et
817 3860 876 3924 per
914 3861 1111 3924 consequens
1158 3843 1316 3927 antiquis·

265 3946 394 4017 simum,
425 3943 512 4008 sicut
540 3941 623 4006 dicit
646 3940 805 4027 Magister
830 3962 944 4007 meus:
977 3942 1055 4028 quia
1081 3943 1128 4007 ibi
1157 3945 1315 4030 accipitur

297 4268 688 4346 'sq-heuman
818 4278 989 4335 &inm
1023 4279 1070 4344 Π]
1092 4281 1315 4342 micaenas„

301 4359 557 4425 ‘matrialis
818 4361 1020 4426 nunustyme.
1056 4362 1316 4427 Ιῆοροιὶιοωιιηὶε

303 4438 590 4503 ’qn—mian]
618 4453 692 4501 quan
714 4438 767 4500 ipa
818 4441 1225 4506 undnwperbprcuppliott
1245 4445 1312 4492 Ano

268 4516 755 4580 mouumentum
818 4519 874 4566 ther
896 4519 1081 4569 almativeis
1103 4528 1131 4570 to
1153 4523 1214 4570 read
1237 4525 1316 4584 “qun

301 4596 767 4674 1aasa]uaaiusrn0moxa
788 4622 792 4653 ι
816 4596 917 4646 dictio*

1207 4707 1229 4754 B
