3158 5490
571 749 748 801 rascrcum
770 750 997 802 zrrnmonuu.
1264 741 1308 805 53

258 937 406 1001 eonoedit
437 938 535 1002 istam
568 940 841 1024 consequentiam,
887 942 922 1004 et
963 939 1113 1003 similiter
1158 941 1306 1004 coneedit

258 1040 451 1103 antecedens
481 1040 522 1103 de
552 1040 677 1104 virtute
701 1041 875 1116 sermonis;
907 1062 985 1126 ergo
1010 1041 1111 1105 habet
1134 1041 1306 1105 comedere

258 1163 456 1225 consequens
486 1142 527 1205 de
553 1140 677 1206 virtute
708 1143 874 1220 sermonis,
912 1148 947 1206 et
984 1142 1073 1206 istud
1107 1164 1305 1227 consequens

259 1247 309 1307 est
352 1243 537 1327 oppositum
572 1243 858 1307 oontradiotorium
898 1241 1078 1328 opinionis3
1117 1266 1195 1329 ergo
1232 1265 1306 1308 oon-

258 1343 487 1408 tradietorium
510 1343 605 1407 istius
628 1345 789 1428 opinionis
815 1350 866 1407 est
889 1366 1004 1408 verum
1026 1344 1067 1408 de
1092 1345 1217 1409 virtute
1241 1366 1308 1410 ser-

259 1446 384 1525 monis3
427 1451 462 1509 et
495 1467 554 1530 per
598 1466 796 1530 oonsequens
840 1444 904 1508 ista
941 1446 1061 1530 positio
1098 1468 1166 1510 non
1204 1446 1305 1510 babet

258 1545 375 1608 nidum
389 1545 540 1610 veritatis
560 1547 618 1610 ubi
633 1547 831 1631 requiesoere
845 1551 952 1633 potest
967 1547 1130 1611 sententia
1145 1547 1305 1612 Doctoris.

263 1643 266 1647 ’
307 1646 364 1711 VL
387 1647 489 1711 Sexto
514 1649 610 1733 ponit
643 1648 774 1724 Doeton
806 1647 892 1711 sicut
910 1647 1011 1733 prius,
1039 1648 1127 1733 quod
1151 1648 1436 1734 quaelibetwyeliss

258 1769 335 1832 pars
359 1745 536 1834 Scripturas
557 1770 656 1814 sacrae
677 1754 728 1813 est
750 1771 830 1813 vera
851 1749 892 1812 de
920 1749 1046 1812 virtute
1077 1749 1241 1824 sermonis,
1272 1753 1307 1813 et
1317 1723 1472 1844 ffim'

259 1848 336 1925 hae,
352 1855 394 1913 ut
415 1850 502 1925 dicit,
527 1857 576 1914 est
599 1850 809 1935 infringibilis
831 1851 1013 1929 sententia3
1035 1851 1092 1914 sed
1121 1856 1234 1935 postea
1259 1851 1306 1915 sic

257 1952 396 2036 exponit
417 1951 543 2015 dictum
565 1974 661 2015 suum
685 1951 772 2037 quod
797 1951 939 2015 “Omnis
967 1956 1117 2016 ereatura
1138 1955 1189 2016 est
1226 1973 1305 2017 vera
1318 1973 1350 2024 1„
1360 1974 1429 2027 what

259 2061 278 2087 “
300 2053 441 2116 veritate
471 2053 626 2127 essentiae,
655 2052 739 2115 sieut
768 2052 888 2115 dieitur
918 2052 1007 2137 quod
1036 2074 1093 2116 ens
1126 2058 1160 2117 et
1189 2042 1432 2118 verum⁸⁹⁰¹⁸¹¹⁰

259 2161 278 2187 “
301 2160 558 2232 convertuntur3
592 2159 627 2217 et
658 2175 752 2217 omne
786 2175 844 2217 ens
877 2159 927 2217 est
963 2174 1042 2218 vera
1082 2175 1133 2219 res
1145 2178 1154 2235 3
1188 2160 1223 2219 et
1259 2156 1305 2220 sic
1318 2107 1473 2238 &deligitis

260 2255 406 2319 “omnis
427 2277 503 2340 pars
534 2254 711 2338 Scriptura}
735 2260 785 2318 est
806 2277 885 2318 vera
906 2255 1046 2319 veritate
1076 2239 1429 2341 inamplexa'’*⁶¹l⁸¹¹¹

260 2355 441 2420 Veritatem
463 2361 575 2419 autem
596 2356 752 2419 sermonis
774 2361 870 2420 vocat
893 2354 1070 2432 Christum,
1089 2358 1148 2442 qui
1170 2364 1220 2422 est
1242 2358 1307 2424 Dei
1316 2311 1380 2356 uua

260 2457 366 2521 virtus
381 2460 416 2521 et
430 2456 577 2521 Verbum
592 2456 708 2520 Patris

307 2557 373 2624 Sed
396 2558 470 2642 quis
498 2562 650 2643 argueret
669 2562 782 2621 contra
804 2557 903 2622 istum
933 2581 1071 2634 sensum,
1102 2559 1159 2642 qui
1181 2560 1305 2625 nullam
1317 2564 1440 2618 wreus>

259 2658 500 2723 dubitationem
536 2659 590 2722 vel
621 2657 846 2722 difficultatem
884 2659 1044 2722 includit?
1081 2659 1202 2723 Nullus
1239 2634 1465 2749 hee-fifhfflfflffl

258 2760 380 2824 retieus
400 2760 500 2824 talem
523 2759 696 2823 veritatem
722 2758 898 2844 Scriptura)
920 2759 1062 2844 negavit
1108 2759 1208 2825 Unde
1230 2782 1305 2827 eum
1318 2763 1415 2827 dispare
1423 2763 1466 2816 it?

259 2862 358 2926 toties
390 2861 548 2947 Magister
575 2860 659 2925 mihi
691 2860 840 2946 imponat
871 2860 958 2944 quod
993 2881 1095 2946 arguo
1124 2861 1304 2947 sophistiea

257 2963 361 3028 *miror
388 2963 550 3048 quomodo
584 2962 653 3048 ipse
684 2967 751 3026 stat
781 2960 817 3024 in
848 2965 917 3025 tam
955 2960 1068 3025 stricto
1098 2961 1304 3047 sophismate,
1318 2974 1436 3027 Buthov

257 3070 298 3128 ut
318 3065 408 3129 dieat
428 3085 558 3130 omnem
573 3062 827 3149 propositionem
845 3061 1077 3148 impossibilem
1101 3084 1169 3128 esse
1191 3085 1305 3129 veram
1317 3042 1440 3171 fflssh

259 3166 301 3231 de
324 3166 449 3231 virtute
471 3166 636 3241 sermonis,
661 3165 741 3249 quia
759 3170 809 3229 est
824 3185 881 3229 ens
895 3187 916 3228 a
932 3163 1011 3229 Deo.
1057 3164 1112 3230 Ex
1135 3163 1196 3230 hoo
1218 3166 1452 3238 enimn-apan-

257 3267 357 3333 modo
387 3268 531 3354 ponendi
576 3274 759 3353 sequuntur
797 3266 902 3330 multa
932 3286 1005 3350 quae
1035 3270 1153 3331 sonant
1183 3266 1306 3334 directe
1316 3237 1441 3371 Ὦμᾞ

256 3375 374 3435 eontra
396 3370 504 3445 fidem,
519 3368 642 3433 scilieet
656 3368 744 3453 quod
768 3367 790 3432 J
793 3367 878 3432 udaei
894 3367 1024 3452 quando
1039 3367 1308 3455 blasphemabant

261 3470 432 3536 Christum
457 3493 523 3535 non
555 3470 707 3534 dioebant
738 3469 801 3533 nisi
834 3490 951 3533 verum
977 3469 1017 3532 de
1044 3490 1102 3534 eo:
1134 3472 1222 3555 quod
1243 3471 1308 3537 ista

260 3573 439 3659 propositio
475 3572 663 3636 verificatiu
700 3571 740 3634 de
778 3569 917 3644 Christo,
957 3568 1088 3654 Aliquis
1124 3571 1221 3636 horno
1258 3579 1309 3637 est

259 3675 418 3760 pessimus
456 3679 494 3738 et
521 3673 732 3738 damnabilis:
767 3672 855 3756 quod
884 3670 1131 3756 omne‘falsum,
1161 3676 1196 3736 et
1229 3673 1308 3738 false

261 3772 452 3860 impositum
473 3774 571 3838 alicui
593 3776 750 3838 creaturae
772 3777 822 3837 est
836 3793 953 3837 verum
967 3771 1007 3835 de
1022 3771 1091 3837 filio
1106 3772 1189 3851 Dei;
1212 3773 1309 3838 etita

260 3873 302 3940 de
324 3875 437 3940 multis
459 3875 532 3938 aliis
554 3874 818 3948 oonclusionibus‚
839 3894 977 3959 quarum
1000 3873 1143 3938 vocalem
1165 3875 1308 3940 sonitum

260 3999 356 4043 aures
377 3977 442 4063 piae
464 3975 674 4040 vehementer
696 3974 891 4051 abhorrent3
914 3974 1013 4036 immo
1043 3975 1070 4037 si
1100 3976 1211 4060 aliqua
1237 3998 1309 4041 sen·

259 4077 367 4143 tentia
406 4078 521 4141 similis
566 4082 650 4140 esset
688 4075 836 4154 tenenda,
875 4075 984 4159 potius
1021 4075 1182 4140 dioeretur
1220 4078 1309 4163 quod

262 4178 371 4243 omnia
385 4178 442 4241 illa
455 4183 533 4242 sunt
547 4200 626 4242 vera
648 4199 669 4240 a
682 4177 807 4240 virtute
830 4175 994 4249 sermonis,
1007 4176 1085 4259 quia
1098 4177 1309 4243 verificantur

261 4281 285 4343 a
304 4279 445 4353 Christe,
472 4279 530 4342 sed
561 4300 628 4342 non
659 4282 737 4342 sunt
758 4292 837 4341 vera
867 4276 908 4340 de
932 4276 1071 4342 Christo.
1117 4278 1203 4358 Quia
1228 4300 1308 4344 vero
1380 4298 1384 4303 ·

262 4381 409 4444 dixeram
440 4380 475 4443 in
497 4379 559 4443 hae
588 4378 725 4442 materia
747 4377 835 4462 quod
858 4376 922 4441 nisi
952 4398 994 4441 ex
1023 4378 1214 4463 probatione
1243 4381 1308 4465 sig-

261 4502 379 4545 norum
407 4503 475 4546 non
501 4480 637 4544 haberet
666 4479 798 4544 eeclesia
828 4477 1025 4543 evidentiam
1048 4479 1136 4564 quod
1158 4479 1308 4546 Christus
1391 4560 1396 4568 1

264 4582 400 4648 dixisset
433 4583 474 4647 de
504 4604 588 4667 pane
622 4586 813 4658 consecrato,
844 4580 918 4646 Hoc
955 4588 1000 4647 eat
1034 4602 1156 4667 corpus
1183 4603 1307 4662 meum,
